
  <record>
    <leader>01000aam  22002601a 4500</leader>
    <controlfield tag="001">YPZ17417</controlfield>
    <controlfield tag="003">YPZ</controlfield>
    <controlfield tag="005">200611240941270</controlfield>
    <controlfield tag="008">061124|###########||||||b||||||||||spa|d</controlfield>
    <datafield tag="020" ind1=" " ind2=" ">
      <subfield code="a">950557293X</subfield>
    </datafield>
    <datafield tag="040" ind1=" " ind2=" ">
      <subfield code="c">SIUNPA</subfield>
    </datafield>
    <datafield tag="041" ind1=" " ind2=" ">
      <subfield code="a">spa</subfield>
    </datafield>
    <datafield tag="044" ind1=" " ind2=" ">
      <subfield code="a">AR</subfield>
    </datafield>
    <datafield tag="082" ind1=" " ind2=" ">
      <subfield code="a">94(82)(092) P842j</subfield>
    </datafield>
    <datafield tag="100" ind1=" " ind2=" ">
      <subfield code="a">Portantiero, Juan Carlos.</subfield>
    </datafield>
    <datafield tag="245" ind1=" " ind2=" ">
      <subfield code="a">Juan B. Justo</subfield>
      <subfield code="b"> : un fundador de la Argentina moderna</subfield>
    </datafield>
    <datafield tag="250" ind1=" " ind2=" ">
      <subfield code="a">1a ed.</subfield>
    </datafield>
    <datafield tag="260" ind1=" " ind2=" ">
      <subfield code="a">Buenos Aires</subfield>
      <subfield code="b"> : Fondo de Cultura Económica</subfield>
      <subfield code="c"> , 1999</subfield>
    </datafield>
    <datafield tag="942" ind1=" " ind2=" ">
      <subfield code="c">BK</subfield>
    </datafield>
    <datafield tag="952" ind1=" " ind2=" ">
      <subfield code="a">BIB_UARG</subfield>
      <subfield code="b">BIB_UARG</subfield>
      <subfield code="d">2006-09-18</subfield>
      <subfield code="y">BK</subfield>
      <subfield code="p">05-30785</subfield>
    </datafield>
  </record>