
  <record>
    <leader>01000aam  22002601a 4500</leader>
    <controlfield tag="001">YPZ17418</controlfield>
    <controlfield tag="003">YPZ</controlfield>
    <controlfield tag="005">200611241022010</controlfield>
    <controlfield tag="008">061124|###########||||||b||||||||||spa|d</controlfield>
    <datafield tag="020" ind1=" " ind2=" ">
      <subfield code="a">8479601574</subfield>
    </datafield>
    <datafield tag="040" ind1=" " ind2=" ">
      <subfield code="c">SIUNPA</subfield>
    </datafield>
    <datafield tag="041" ind1=" " ind2=" ">
      <subfield code="a">spa</subfield>
    </datafield>
    <datafield tag="044" ind1=" " ind2=" ">
      <subfield code="a">ES</subfield>
    </datafield>
    <datafield tag="082" ind1=" " ind2=" ">
      <subfield code="a">329.285 Z36a</subfield>
    </datafield>
    <datafield tag="100" ind1=" " ind2=" ">
      <subfield code="a">Zaragoza, Gonzalo.</subfield>
    </datafield>
    <datafield tag="245" ind1=" " ind2=" ">
      <subfield code="a">Anarquismo argentino</subfield>
      <subfield code="b"> : (1876-1902)</subfield>
    </datafield>
    <datafield tag="250" ind1=" " ind2=" ">
      <subfield code="a">1a ed.</subfield>
    </datafield>
    <datafield tag="260" ind1=" " ind2=" ">
      <subfield code="a">Madrid</subfield>
      <subfield code="b"> : Ediciones de la Torre</subfield>
      <subfield code="c"> , 1996</subfield>
    </datafield>
    <datafield tag="440" ind1=" " ind2=" ">
      <subfield code="a">Memoria argentina</subfield>
      <subfield code="a">Política, economía y sociedad</subfield>
      <subfield code="a">Los nombres del poder</subfield>
      <subfield code="a">Nuestro mundo. Serie Historia</subfield>
      <subfield code="v">47</subfield>
    </datafield>
    <datafield tag="490" ind1=" " ind2=" ">
      <subfield code="a">Memoria argentina</subfield>
      <subfield code="a">Política, economía y sociedad</subfield>
      <subfield code="a">Los nombres del poder</subfield>
      <subfield code="a">Nuestro mundo. Serie Historia</subfield>
      <subfield code="v">47</subfield>
    </datafield>
    <datafield tag="942" ind1=" " ind2=" ">
      <subfield code="c">BK</subfield>
    </datafield>
    <datafield tag="952" ind1=" " ind2=" ">
      <subfield code="a">BIB_UARG</subfield>
      <subfield code="b">BIB_UARG</subfield>
      <subfield code="d">2006-09-18</subfield>
      <subfield code="y">BK</subfield>
      <subfield code="p">05-30787</subfield>
    </datafield>
  </record>