
  <record>
    <leader>01000aam  22002601a 4500</leader>
    <controlfield tag="001">YPZ17425</controlfield>
    <controlfield tag="003">YPZ</controlfield>
    <controlfield tag="005">200611241412270</controlfield>
    <controlfield tag="008">061124|###########||||||b||||||||||spa|d</controlfield>
    <datafield tag="020" ind1=" " ind2=" ">
      <subfield code="a">8437601614</subfield>
    </datafield>
    <datafield tag="040" ind1=" " ind2=" ">
      <subfield code="c">SIUNPA</subfield>
    </datafield>
    <datafield tag="041" ind1=" " ind2=" ">
      <subfield code="a">spa</subfield>
    </datafield>
    <datafield tag="044" ind1=" " ind2=" ">
      <subfield code="a">ES</subfield>
    </datafield>
    <datafield tag="082" ind1=" " ind2=" ">
      <subfield code="a">821.134.2 J615p</subfield>
    </datafield>
    <datafield tag="100" ind1=" " ind2=" ">
      <subfield code="a">Jiménez, Juan Ramón.</subfield>
    </datafield>
    <datafield tag="245" ind1=" " ind2=" ">
      <subfield code="a">Platero y yo</subfield>
      <subfield code="c"> / Predmore, Michael P., ed.</subfield>
    </datafield>
    <datafield tag="250" ind1=" " ind2=" ">
      <subfield code="a">18a ed.</subfield>
    </datafield>
    <datafield tag="260" ind1=" " ind2=" ">
      <subfield code="a">Madrid</subfield>
      <subfield code="b"> : Cátedra</subfield>
      <subfield code="c"> , 1998</subfield>
    </datafield>
    <datafield tag="440" ind1=" " ind2=" ">
      <subfield code="a">Benjamin/Cummings series in object-oriented software engineering</subfield>
      <subfield code="a">Cuadernos de Filosofía y ensayo</subfield>
      <subfield code="a">Ariel sociedad económica</subfield>
      <subfield code="a">Letras hispánicas</subfield>
      <subfield code="v">90</subfield>
    </datafield>
    <datafield tag="490" ind1=" " ind2=" ">
      <subfield code="a">Benjamin/Cummings series in object-oriented software engineering</subfield>
      <subfield code="a">Cuadernos de Filosofía y ensayo</subfield>
      <subfield code="a">Ariel sociedad económica</subfield>
      <subfield code="a">Letras hispánicas</subfield>
      <subfield code="v">90</subfield>
    </datafield>
    <datafield tag="942" ind1=" " ind2=" ">
      <subfield code="c">BK</subfield>
    </datafield>
    <datafield tag="952" ind1=" " ind2=" ">
      <subfield code="a">BIB_UASJ</subfield>
      <subfield code="b">BIB_UASJ</subfield>
      <subfield code="d">2004-02-20</subfield>
      <subfield code="y">BK</subfield>
      <subfield code="p">04-23025</subfield>
    </datafield>
    <datafield tag="952" ind1=" " ind2=" ">
      <subfield code="a">BIB_UASJ</subfield>
      <subfield code="b">BIB_UASJ</subfield>
      <subfield code="d">2004-02-20</subfield>
      <subfield code="y">BK</subfield>
      <subfield code="p">04-23026</subfield>
    </datafield>
    <datafield tag="952" ind1=" " ind2=" ">
      <subfield code="a">BIB_UARG</subfield>
      <subfield code="b">BIB_UARG</subfield>
      <subfield code="d">2006-08-28</subfield>
      <subfield code="y">BK</subfield>
      <subfield code="p">05-14541</subfield>
    </datafield>
  </record>