
  <record>
    <leader>01000aam  22002601a 4500</leader>
    <controlfield tag="001">YPZ17439</controlfield>
    <controlfield tag="003">YPZ</controlfield>
    <controlfield tag="005">200611271126380</controlfield>
    <controlfield tag="008">061127|###########||||||b||||||||||spa|d</controlfield>
    <datafield tag="020" ind1=" " ind2=" ">
      <subfield code="a">9213215770</subfield>
    </datafield>
    <datafield tag="040" ind1=" " ind2=" ">
      <subfield code="c">SIUNPA</subfield>
    </datafield>
    <datafield tag="041" ind1=" " ind2=" ">
      <subfield code="a">spa</subfield>
    </datafield>
    <datafield tag="044" ind1=" " ind2=" ">
      <subfield code="a">CL</subfield>
    </datafield>
    <datafield tag="082" ind1=" " ind2=" ">
      <subfield code="a">338.1 P195p 2001</subfield>
    </datafield>
    <datafield tag="245" ind1=" " ind2=" ">
      <subfield code="a">Panorama de la inserción internacional de América Latina y el Caribe</subfield>
      <subfield code="b"> : 2001-2002</subfield>
    </datafield>
    <datafield tag="260" ind1=" " ind2=" ">
      <subfield code="a">Santiago de Chile</subfield>
      <subfield code="b"> : CEPAL</subfield>
      <subfield code="c"> , 2001</subfield>
    </datafield>
    <datafield tag="300" ind1=" " ind2=" ">
      <subfield code="a">269 p. : </subfield>
      <subfield code="b">il. ; </subfield>
      <subfield code="a">235 p. : </subfield>
      <subfield code="b">il. ; </subfield>
      <subfield code="a">241 p. : </subfield>
      <subfield code="b">il. ; </subfield>
      <subfield code="a">343 p. : </subfield>
      <subfield code="a">216 p. : </subfield>
      <subfield code="b">il. ; </subfield>
      <subfield code="a">432 p. : </subfield>
      <subfield code="b">il. ; </subfield>
      <subfield code="a">432 p. : </subfield>
      <subfield code="b">il. ; </subfield>
      <subfield code="a">416 p. : </subfield>
      <subfield code="a">374 p. : </subfield>
      <subfield code="a">96 p. : </subfield>
      <subfield code="b">il. ; </subfield>
      <subfield code="a">103 p. : </subfield>
      <subfield code="b">il. ; </subfield>
      <subfield code="a">127 p. : </subfield>
      <subfield code="b">il. ; </subfield>
      <subfield code="a">95 p. : </subfield>
      <subfield code="a">63 p. : </subfield>
      <subfield code="b">il. ; </subfield>
      <subfield code="a">248 p. : </subfield>
      <subfield code="a">95 p. : </subfield>
      <subfield code="a">95 p. : </subfield>
      <subfield code="a">95 p. : </subfield>
      <subfield code="a">95 p. : </subfield>
      <subfield code="a">95 p. : </subfield>
      <subfield code="a">86 p. : </subfield>
      <subfield code="a">175 p. : </subfield>
      <subfield code="b">il. ; </subfield>
      <subfield code="a">509 p. : </subfield>
      <subfield code="a">535 p. : </subfield>
      <subfield code="a">60 p. : </subfield>
      <subfield code="a">190 p. : </subfield>
      <subfield code="a">173 p. : </subfield>
      <subfield code="a">230 p. : </subfield>
      <subfield code="a">513 p. : </subfield>
      <subfield code="a">138 p. : </subfield>
      <subfield code="b">il. ; </subfield>
      <subfield code="a">1079 p. : </subfield>
      <subfield code="b">il. ; </subfield>
      <subfield code="a">xx, 910 p. : </subfield>
      <subfield code="b">il. ; </subfield>
      <subfield code="a">140 p. : </subfield>
      <subfield code="b">il. ; </subfield>
      <subfield code="a">292 p. : </subfield>
      <subfield code="a">182 p. : </subfield>
      <subfield code="a">237 p. : </subfield>
      <subfield code="a">242 p. : </subfield>
      <subfield code="a">277 p. : </subfield>
      <subfield code="b">il. ; </subfield>
      <subfield code="a">276 p. : </subfield>
      <subfield code="a">174 p. : </subfield>
      <subfield code="a">314 p. : </subfield>
      <subfield code="b">il. ; </subfield>
      <subfield code="a">383 p. : </subfield>
      <subfield code="b">il. ; </subfield>
      <subfield code="a">230 p. : </subfield>
      <subfield code="a">356 p. : </subfield>
      <subfield code="a">137 p. : </subfield>
      <subfield code="a">157 p. : </subfield>
      <subfield code="b">il. ; </subfield>
      <subfield code="a">175 p. : </subfield>
      <subfield code="a">300 p. : </subfield>
      <subfield code="a">158 p. : </subfield>
      <subfield code="a">165 p. : </subfield>
      <subfield code="a">506 p. : </subfield>
      <subfield code="b">il. ; </subfield>
      <subfield code="a">233 p. : </subfield>
      <subfield code="a">722 p. : </subfield>
      <subfield code="a">xix, 1148 p. : </subfield>
      <subfield code="b">il. ; </subfield>
      <subfield code="a">513 p. : </subfield>
      <subfield code="a">270 p. : </subfield>
      <subfield code="a">351 p. : </subfield>
      <subfield code="a">415 p. : </subfield>
      <subfield code="a">159 p. : </subfield>
      <subfield code="a">190 p. : </subfield>
      <subfield code="a">219 p. : </subfield>
      <subfield code="a">61 p. : </subfield>
      <subfield code="a">146 p. : </subfield>
      <subfield code="b">il. ; </subfield>
      <subfield code="a">160 p. : </subfield>
      <subfield code="a">119 p. : </subfield>
      <subfield code="a">198 p. : </subfield>
      <subfield code="a">2 v. : </subfield>
      <subfield code="b">il. ; </subfield>
      <subfield code="a">xxviii, 442 p. : </subfield>
      <subfield code="b">il. ; </subfield>
      <subfield code="a">407 p. : </subfield>
      <subfield code="a">169 p. : </subfield>
      <subfield code="a">156 p. : </subfield>
      <subfield code="a">139 p. : </subfield>
      <subfield code="a">399 p. : </subfield>
      <subfield code="a">263 p. : </subfield>
      <subfield code="a">236 p. : </subfield>
      <subfield code="a">117 p. : </subfield>
      <subfield code="a">167 p. : </subfield>
      <subfield code="b">il. ; </subfield>
      <subfield code="a">301 p. : </subfield>
      <subfield code="a">192 p. : </subfield>
      <subfield code="b">il. ; </subfield>
      <subfield code="a">142 p. : </subfield>
      <subfield code="b">il. ; </subfield>
      <subfield code="a">138 p. : </subfield>
      <subfield code="a">131 p. : </subfield>
      <subfield code="a">813 p. : </subfield>
      <subfield code="a">624 p. : </subfield>
      <subfield code="b">il. ; </subfield>
      <subfield code="a">223 p. : </subfield>
      <subfield code="a">244 p. : </subfield>
      <subfield code="a">156 p. : </subfield>
      <subfield code="a">372 p. : </subfield>
      <subfield code="a">214 p. : </subfield>
      <subfield code="a">323 p. : </subfield>
      <subfield code="a">230 p. : </subfield>
      <subfield code="a">444 p. : </subfield>
      <subfield code="a">112 p. : </subfield>
      <subfield code="b">il. ; </subfield>
      <subfield code="a">112 p. : </subfield>
      <subfield code="b">il. ; </subfield>
      <subfield code="a">xv, 166 p. : </subfield>
      <subfield code="b">il. ; </subfield>
      <subfield code="a">xv, 232 p. : </subfield>
      <subfield code="a">503 p. : </subfield>
      <subfield code="a">157 p. : </subfield>
      <subfield code="a">219 p. : </subfield>
      <subfield code="a">226 p. : </subfield>
      <subfield code="a">936 p. : </subfield>
      <subfield code="a">292 p. : </subfield>
      <subfield code="a">114 p. : </subfield>
      <subfield code="a">207 p. : </subfield>
      <subfield code="a">4 v. : </subfield>
      <subfield code="b">il. ; </subfield>
      <subfield code="a">273 p. : </subfield>
      <subfield code="a">2 v. : </subfield>
      <subfield code="a">101 p. : </subfield>
      <subfield code="b">il. ; </subfield>
      <subfield code="a">v. : </subfield>
      <subfield code="a">421 p. : </subfield>
      <subfield code="a">159 p. : </subfield>
      <subfield code="b">il. ; </subfield>
      <subfield code="a">737 p. : </subfield>
      <subfield code="b">il. ; </subfield>
      <subfield code="a">365 p. : </subfield>
      <subfield code="a">161 p. : </subfield>
      <subfield code="a">143 p. : </subfield>
      <subfield code="a">36 h. : </subfield>
      <subfield code="b">il. ; </subfield>
      <subfield code="a">45, (42) h. : </subfield>
      <subfield code="a">2 v. : </subfield>
      <subfield code="a">91 h. : </subfield>
      <subfield code="b">il. ; </subfield>
      <subfield code="a">245 p. : </subfield>
      <subfield code="a">413 p. : </subfield>
      <subfield code="a">243 p. : </subfield>
      <subfield code="b">il. ; </subfield>
      <subfield code="a">80 h. : </subfield>
      <subfield code="b">il. ; </subfield>
      <subfield code="a">[183] h. en varias foliaciones : </subfield>
      <subfield code="a">ii, 100 p. : </subfield>
      <subfield code="b">il. ; </subfield>
      <subfield code="a">79 p. : </subfield>
      <subfield code="a">539 p. : </subfield>
      <subfield code="a">xvii,554 p. : </subfield>
      <subfield code="b">cuadros ; </subfield>
      <subfield code="a">309 p. : </subfield>
      <subfield code="b">cuadros ; </subfield>
      <subfield code="a">714 p. : </subfield>
      <subfield code="a">181 p. : </subfield>
      <subfield code="a">ix, [69] h. : </subfield>
      <subfield code="b">il. ; </subfield>
      <subfield code="a">331 p. : </subfield>
      <subfield code="a">271 p. : </subfield>
      <subfield code="a">[83] h. en varias foliaciones : </subfield>
      <subfield code="b">il. ; </subfield>
      <subfield code="a">457 p. : </subfield>
      <subfield code="b">il. ; </subfield>
      <subfield code="a">183 p. : </subfield>
      <subfield code="b">il. ; </subfield>
      <subfield code="a">179 h. : </subfield>
      <subfield code="b">il. ; </subfield>
      <subfield code="a">316 p. : </subfield>
      <subfield code="a">310 p. : </subfield>
      <subfield code="b">il. ; </subfield>
      <subfield code="a">231 p. : </subfield>
      <subfield code="a">271 p. : </subfield>
      <subfield code="b">cuadros ; </subfield>
      <subfield code="a">82 p. : </subfield>
      <subfield code="b">il. ; </subfield>
      <subfield code="a">194 p. : </subfield>
      <subfield code="a">106 p. : </subfield>
      <subfield code="a">290 p. : </subfield>
      <subfield code="a">345 p. : </subfield>
      <subfield code="b">cuadros, gráficos ; </subfield>
      <subfield code="e">1 CD-ROM en bolsillo</subfield>
    </datafield>
    <datafield tag="942" ind1=" " ind2=" ">
      <subfield code="c">BK</subfield>
    </datafield>
    <datafield tag="952" ind1=" " ind2=" ">
      <subfield code="a">BIB_UARG</subfield>
      <subfield code="b">BIB_UARG</subfield>
      <subfield code="d">2003-05-08</subfield>
      <subfield code="y">BK</subfield>
      <subfield code="p">05-21473</subfield>
    </datafield>
  </record>