
  <record>
    <leader>01000aam  22002601a 4500</leader>
    <controlfield tag="001">YPZ17446</controlfield>
    <controlfield tag="003">YPZ</controlfield>
    <controlfield tag="005">200611281043230</controlfield>
    <controlfield tag="008">061128|###########||||||b||||||||||spa|d</controlfield>
    <datafield tag="020" ind1=" " ind2=" ">
      <subfield code="a">9501310590</subfield>
    </datafield>
    <datafield tag="040" ind1=" " ind2=" ">
      <subfield code="c">SIUNPA</subfield>
    </datafield>
    <datafield tag="041" ind1=" " ind2=" ">
      <subfield code="a">spa</subfield>
    </datafield>
    <datafield tag="044" ind1=" " ind2=" ">
      <subfield code="a">AR</subfield>
    </datafield>
    <datafield tag="082" ind1=" " ind2=" ">
      <subfield code="a">028.6(075) V181u</subfield>
    </datafield>
    <datafield tag="100" ind1=" " ind2=" ">
      <subfield code="a">Valle, Liliana del.</subfield>
    </datafield>
    <datafield tag="245" ind1=" " ind2=" ">
      <subfield code="a">Un grillo en tu bolsillo 2</subfield>
      <subfield code="b"> : lectura y escritura con áreas integradas</subfield>
    </datafield>
    <datafield tag="260" ind1=" " ind2=" ">
      <subfield code="a">Buenos Aires</subfield>
      <subfield code="b"> : Kapelusz</subfield>
      <subfield code="c"> , 2001</subfield>
    </datafield>
    <datafield tag="300" ind1=" " ind2=" ">
      <subfield code="a">v, 62 p. : </subfield>
      <subfield code="a">345 p. : </subfield>
      <subfield code="a">58, [43] p. : </subfield>
      <subfield code="b">cuadros ; </subfield>
      <subfield code="a">275 p. : </subfield>
      <subfield code="b">il. ; </subfield>
      <subfield code="e">1 supl. (15 p.)  + 1 h. pleg.</subfield>
    </datafield>
    <datafield tag="942" ind1=" " ind2=" ">
      <subfield code="c">BK</subfield>
    </datafield>
    <datafield tag="952" ind1=" " ind2=" ">
      <subfield code="a">BIB_UASJ</subfield>
      <subfield code="b">BIB_UASJ</subfield>
      <subfield code="d">2003-10-17</subfield>
      <subfield code="y">BK</subfield>
      <subfield code="p">04-22610</subfield>
    </datafield>
  </record>