
  <record>
    <leader>01000aam  22002601a 4500</leader>
    <controlfield tag="001">YPZ17458</controlfield>
    <controlfield tag="003">YPZ</controlfield>
    <controlfield tag="005">200611281451280</controlfield>
    <controlfield tag="008">061128|###########||||||b||||||||||spa|d</controlfield>
    <datafield tag="020" ind1=" " ind2=" ">
      <subfield code="a">9508961635</subfield>
    </datafield>
    <datafield tag="040" ind1=" " ind2=" ">
      <subfield code="c">SIUNPA</subfield>
    </datafield>
    <datafield tag="041" ind1=" " ind2=" ">
      <subfield code="a">spa</subfield>
    </datafield>
    <datafield tag="044" ind1=" " ind2=" ">
      <subfield code="a">AR</subfield>
    </datafield>
    <datafield tag="082" ind1=" " ind2=" ">
      <subfield code="a">314.68 I597e 1996/97</subfield>
    </datafield>
    <datafield tag="110" ind1=" " ind2=" ">
      <subfield code="a">Instituto Nacional de Estadísticas y Censos (Argentina). Dirección de Estudios de Ingresos y Gastos de los Hogares.</subfield>
    </datafield>
    <datafield tag="245" ind1=" " ind2=" ">
      <subfield code="a">Encuesta nacional de gastos de los hogares 1996/97. Región Metropolitana del Gran Buenos Aires</subfield>
      <subfield code="b"> : resultados definitivos</subfield>
    </datafield>
    <datafield tag="260" ind1=" " ind2=" ">
      <subfield code="a">Buenos Aires</subfield>
      <subfield code="b"> : INDEC</subfield>
      <subfield code="c"> , 1998</subfield>
    </datafield>
    <datafield tag="440" ind1=" " ind2=" ">
      <subfield code="a">Temas/comunicación</subfield>
      <subfield code="a">El club de los eco amigos</subfield>
      <subfield code="a">Colección Psicología contemporánea</subfield>
      <subfield code="a">Aique didáctica</subfield>
      <subfield code="a">Colección cuadernos. Educación</subfield>
      <subfield code="a">Colección política, servicios y trabajo social</subfield>
      <subfield code="a">Serie educación</subfield>
      <subfield code="a">Encuesta nacional de gastos de los hogares</subfield>
      <subfield code="v">v. 3</subfield>
    </datafield>
    <datafield tag="490" ind1=" " ind2=" ">
      <subfield code="a">Temas/comunicación</subfield>
      <subfield code="a">El club de los eco amigos</subfield>
      <subfield code="a">Colección Psicología contemporánea</subfield>
      <subfield code="a">Aique didáctica</subfield>
      <subfield code="a">Colección cuadernos. Educación</subfield>
      <subfield code="a">Colección política, servicios y trabajo social</subfield>
      <subfield code="a">Serie educación</subfield>
      <subfield code="a">Encuesta nacional de gastos de los hogares</subfield>
      <subfield code="v">v. 3</subfield>
    </datafield>
    <datafield tag="942" ind1=" " ind2=" ">
      <subfield code="c">BK</subfield>
    </datafield>
    <datafield tag="952" ind1=" " ind2=" ">
      <subfield code="a">BIB_UACO</subfield>
      <subfield code="b">BIB_UACO</subfield>
      <subfield code="d">2004-09-27</subfield>
      <subfield code="y">BK</subfield>
      <subfield code="p">02-25827</subfield>
    </datafield>
  </record>