
  <record>
    <leader>01000aam  22002601a 4500</leader>
    <controlfield tag="001">YPZ17488</controlfield>
    <controlfield tag="003">YPZ</controlfield>
    <controlfield tag="005">200612011033490</controlfield>
    <controlfield tag="008">061201|###########||||||b||||||||||spa|d</controlfield>
    <datafield tag="020" ind1=" " ind2=" ">
      <subfield code="a">950896166X</subfield>
    </datafield>
    <datafield tag="040" ind1=" " ind2=" ">
      <subfield code="c">SIUNPA</subfield>
    </datafield>
    <datafield tag="041" ind1=" " ind2=" ">
      <subfield code="a">spa</subfield>
    </datafield>
    <datafield tag="044" ind1=" " ind2=" ">
      <subfield code="a">AR</subfield>
    </datafield>
    <datafield tag="082" ind1=" " ind2=" ">
      <subfield code="a">332.1 I597c 1994 C1</subfield>
    </datafield>
    <datafield tag="110" ind1=" " ind2=" ">
      <subfield code="a">Instituto Nacional de Estadísticas y Censos (Argentina).</subfield>
    </datafield>
    <datafield tag="245" ind1=" " ind2=" ">
      <subfield code="a">Censo nacional económico 1994</subfield>
      <subfield code="b"> : información complementaria.  Resultados definitivos</subfield>
    </datafield>
    <datafield tag="250" ind1=" " ind2=" ">
      <subfield code="a">Versión ampliada</subfield>
    </datafield>
    <datafield tag="260" ind1=" " ind2=" ">
      <subfield code="a">Buenos Aires</subfield>
      <subfield code="b"> : INDEC</subfield>
      <subfield code="c"> , 1998</subfield>
    </datafield>
    <datafield tag="440" ind1=" " ind2=" ">
      <subfield code="a">Colección Estructuras y procesos. Serie Filosofía</subfield>
      <subfield code="a">Colección Estructuras y procesos. Serie Filosofía</subfield>
      <subfield code="a">Códigos A-Z</subfield>
      <subfield code="a">Códigos A-Z</subfield>
      <subfield code="a">Serie la ciencia y la gente</subfield>
      <subfield code="a">Colección Psicología contemporánea</subfield>
      <subfield code="a">Transformación</subfield>
      <subfield code="a">Transformación</subfield>
      <subfield code="a">Estrategias de aula</subfield>
      <subfield code="a">Carrera docente</subfield>
      <subfield code="a">Serie educación</subfield>
      <subfield code="a">Censo nacional económico 1994. Serie C</subfield>
      <subfield code="v">no. 1</subfield>
    </datafield>
    <datafield tag="490" ind1=" " ind2=" ">
      <subfield code="a">Colección Estructuras y procesos. Serie Filosofía</subfield>
      <subfield code="a">Colección Estructuras y procesos. Serie Filosofía</subfield>
      <subfield code="a">Códigos A-Z</subfield>
      <subfield code="a">Códigos A-Z</subfield>
      <subfield code="a">Serie la ciencia y la gente</subfield>
      <subfield code="a">Colección Psicología contemporánea</subfield>
      <subfield code="a">Transformación</subfield>
      <subfield code="a">Transformación</subfield>
      <subfield code="a">Estrategias de aula</subfield>
      <subfield code="a">Carrera docente</subfield>
      <subfield code="a">Serie educación</subfield>
      <subfield code="a">Censo nacional económico 1994. Serie C</subfield>
      <subfield code="v">no. 1</subfield>
    </datafield>
    <datafield tag="942" ind1=" " ind2=" ">
      <subfield code="c">BK</subfield>
    </datafield>
    <datafield tag="952" ind1=" " ind2=" ">
      <subfield code="a">BIB_UACO</subfield>
      <subfield code="b">BIB_UACO</subfield>
      <subfield code="d">2004-02-12</subfield>
      <subfield code="y">BK</subfield>
      <subfield code="p">02-22911</subfield>
    </datafield>
  </record>