
  <record>
    <leader>01000aam  22002601a 4500</leader>
    <controlfield tag="001">YPZ17501</controlfield>
    <controlfield tag="003">YPZ</controlfield>
    <controlfield tag="005">200612011830140</controlfield>
    <controlfield tag="008">061201|###########||||||b||||||||||spa|d</controlfield>
    <datafield tag="040" ind1=" " ind2=" ">
      <subfield code="c">SIUNPA</subfield>
    </datafield>
    <datafield tag="041" ind1=" " ind2=" ">
      <subfield code="a">spa</subfield>
    </datafield>
    <datafield tag="044" ind1=" " ind2=" ">
      <subfield code="a">AR</subfield>
    </datafield>
    <datafield tag="082" ind1=" " ind2=" ">
      <subfield code="a">373.34 A689e</subfield>
    </datafield>
    <datafield tag="110" ind1=" " ind2=" ">
      <subfield code="a">Argentina. Ministerio de Educación de la Nación.</subfield>
    </datafield>
    <datafield tag="245" ind1=" " ind2=" ">
      <subfield code="a">Educación general básica</subfield>
      <subfield code="b"> : Investigaciones sobre el tercer ciclo</subfield>
    </datafield>
    <datafield tag="260" ind1=" " ind2=" ">
      <subfield code="a">Buenos Aires</subfield>
      <subfield code="b"> : Ministerio de Educación de la Nación</subfield>
      <subfield code="c"> , 2001</subfield>
    </datafield>
    <datafield tag="440" ind1=" " ind2=" ">
      <subfield code="a">Educación, crítica y debate</subfield>
      <subfield code="a">Biblioteca E.J. Hobsbawm de Historia Contemporánea</subfield>
      <subfield code="a">Biblioteca E.J. Hobsbawm de Historia Contemporánea</subfield>
      <subfield code="a">La pedagogía hoy</subfield>
      <subfield code="a">Serie La ciencia y la gente</subfield>
      <subfield code="a">Teoría</subfield>
      <subfield code="a">Troquel educación. Serie FLACSO. Acción</subfield>
      <subfield code="a">Informes de investigación. Serie Educación Básica</subfield>
      <subfield code="v">5</subfield>
    </datafield>
    <datafield tag="490" ind1=" " ind2=" ">
      <subfield code="a">Educación, crítica y debate</subfield>
      <subfield code="a">Biblioteca E.J. Hobsbawm de Historia Contemporánea</subfield>
      <subfield code="a">Biblioteca E.J. Hobsbawm de Historia Contemporánea</subfield>
      <subfield code="a">La pedagogía hoy</subfield>
      <subfield code="a">Serie La ciencia y la gente</subfield>
      <subfield code="a">Teoría</subfield>
      <subfield code="a">Troquel educación. Serie FLACSO. Acción</subfield>
      <subfield code="a">Informes de investigación. Serie Educación Básica</subfield>
      <subfield code="v">5</subfield>
    </datafield>
    <datafield tag="942" ind1=" " ind2=" ">
      <subfield code="c">BK</subfield>
    </datafield>
    <datafield tag="952" ind1=" " ind2=" ">
      <subfield code="a">BIB_UASJ</subfield>
      <subfield code="b">BIB_UASJ</subfield>
      <subfield code="d">2006-12-01</subfield>
      <subfield code="y">BK</subfield>
      <subfield code="p">04-30225</subfield>
    </datafield>
  </record>