
  <record>
    <leader>01000aam  22002601a 4500</leader>
    <controlfield tag="001">YPZ17515</controlfield>
    <controlfield tag="003">YPZ</controlfield>
    <controlfield tag="005">200612071636330</controlfield>
    <controlfield tag="008">061207|###########||||||b||||||||||spa|d</controlfield>
    <datafield tag="020" ind1=" " ind2=" ">
      <subfield code="a">950941432X</subfield>
    </datafield>
    <datafield tag="040" ind1=" " ind2=" ">
      <subfield code="c">SIUNPA</subfield>
    </datafield>
    <datafield tag="041" ind1=" " ind2=" ">
      <subfield code="a">spa</subfield>
    </datafield>
    <datafield tag="044" ind1=" " ind2=" ">
      <subfield code="a">AR</subfield>
    </datafield>
    <datafield tag="082" ind1=" " ind2=" ">
      <subfield code="a">658.15 OST</subfield>
    </datafield>
    <datafield tag="100" ind1=" " ind2=" ">
      <subfield code="a">Ostengo Héctor Carlos.</subfield>
    </datafield>
    <datafield tag="245" ind1=" " ind2=" ">
      <subfield code="a">Un modelo contable de evaluación de la gestión de inversión y financiación</subfield>
    </datafield>
    <datafield tag="260" ind1=" " ind2=" ">
      <subfield code="a">Tucumán</subfield>
      <subfield code="b"> : El graduado</subfield>
      <subfield code="c"> , 1992</subfield>
    </datafield>
    <datafield tag="300" ind1=" " ind2=" ">
      <subfield code="a">127 p. : </subfield>
      <subfield code="a">214 p. : </subfield>
      <subfield code="a">39 p. : </subfield>
      <subfield code="b">il. ; </subfield>
      <subfield code="a">99 p. : </subfield>
      <subfield code="a">108 p. : </subfield>
      <subfield code="a">125 p. : </subfield>
      <subfield code="a">215 p. : </subfield>
      <subfield code="a">127 p. : </subfield>
      <subfield code="b">cuadros ; </subfield>
      <subfield code="a">159 p. : </subfield>
      <subfield code="b">il. ; </subfield>
      <subfield code="a">119 p. : </subfield>
      <subfield code="b">cuadros ; </subfield>
      <subfield code="a">141 p. : </subfield>
      <subfield code="b">cuadros ; </subfield>
      <subfield code="a">192 p. : </subfield>
      <subfield code="b">cuadros ; </subfield>
      <subfield code="a">241 p. : </subfield>
      <subfield code="a">111 p. : </subfield>
      <subfield code="b">cuadros ; </subfield>
      <subfield code="a">256 p. : </subfield>
      <subfield code="b">il. ; </subfield>
      <subfield code="a">110 p. : </subfield>
      <subfield code="a">423 p. : </subfield>
      <subfield code="a">219 p. : </subfield>
      <subfield code="a">127 p. : </subfield>
      <subfield code="b">cuadros ; </subfield>
      <subfield code="a">689 p. : </subfield>
      <subfield code="a">689 p. : </subfield>
      <subfield code="a">xx, 1075 p. : </subfield>
      <subfield code="a">xix, 845 p. : </subfield>
      <subfield code="a">284 p. : </subfield>
      <subfield code="b">il. ; </subfield>
      <subfield code="a">248 p. : </subfield>
      <subfield code="a">223 p. : </subfield>
      <subfield code="b">il. ; </subfield>
      <subfield code="a">195 p. : </subfield>
      <subfield code="a">259 p. : </subfield>
      <subfield code="a">246 p. : </subfield>
      <subfield code="a">138 p. : </subfield>
      <subfield code="b">il. ; </subfield>
      <subfield code="a">248 p. : </subfield>
      <subfield code="b">cuadros ; </subfield>
      <subfield code="a">157 p. : </subfield>
      <subfield code="b">cuadros ; </subfield>
      <subfield code="a">143 p. : </subfield>
      <subfield code="b">cuadros ; </subfield>
      <subfield code="a">88 p. : </subfield>
      <subfield code="b">il. ; </subfield>
      <subfield code="a">338 p. : </subfield>
      <subfield code="a">302 p. : </subfield>
      <subfield code="a">612 p. : </subfield>
      <subfield code="a">612 p. : </subfield>
      <subfield code="a">319 p. : </subfield>
      <subfield code="a">418 p. : </subfield>
      <subfield code="a">xxii, 247 p. : </subfield>
      <subfield code="a">614 p. : </subfield>
      <subfield code="a">174, 72 p. : </subfield>
      <subfield code="a">46 p. : </subfield>
      <subfield code="a">62 p. : </subfield>
      <subfield code="b">cuadros ; </subfield>
      <subfield code="a">578 p. : </subfield>
      <subfield code="a">303 p. : </subfield>
      <subfield code="a">361 p. : </subfield>
      <subfield code="a">215 p. : </subfield>
      <subfield code="a">333 p. : </subfield>
      <subfield code="b">il. ; </subfield>
      <subfield code="a">389 p. : </subfield>
      <subfield code="a">295 p. ; 22 cm : </subfield>
    </datafield>
    <datafield tag="942" ind1=" " ind2=" ">
      <subfield code="c">BK</subfield>
    </datafield>
    <datafield tag="952" ind1=" " ind2=" ">
      <subfield code="a">BIB_UACO</subfield>
      <subfield code="b">BIB_UACO</subfield>
      <subfield code="d">2006-12-07</subfield>
      <subfield code="y">BK</subfield>
      <subfield code="p">02-00008</subfield>
    </datafield>
  </record>