
  <record>
    <leader>01000aam  22002601a 4500</leader>
    <controlfield tag="001">YPZ17852</controlfield>
    <controlfield tag="003">YPZ</controlfield>
    <controlfield tag="005">200612071636330</controlfield>
    <controlfield tag="008">061207|###########||||||b||||||||||spa|d</controlfield>
    <datafield tag="020" ind1=" " ind2=" ">
      <subfield code="a">8449303656</subfield>
    </datafield>
    <datafield tag="040" ind1=" " ind2=" ">
      <subfield code="c">SIUNPA</subfield>
    </datafield>
    <datafield tag="041" ind1=" " ind2=" ">
      <subfield code="a">spa</subfield>
    </datafield>
    <datafield tag="044" ind1=" " ind2=" ">
      <subfield code="a">ES</subfield>
    </datafield>
    <datafield tag="082" ind1=" " ind2=" ">
      <subfield code="a">658 G362m</subfield>
    </datafield>
    <datafield tag="100" ind1=" " ind2=" ">
      <subfield code="a">Gerber Michael E..</subfield>
    </datafield>
    <datafield tag="245" ind1=" " ind2=" ">
      <subfield code="a">El mito del emprendedor : por qué no funcionan las pequeñas empresas y qué hacer para que|funcionen</subfield>
      <subfield code="c"> / tr.; Sánchez. Guillermo</subfield>
    </datafield>
    <datafield tag="260" ind1=" " ind2=" ">
      <subfield code="a">Barcelona</subfield>
      <subfield code="b"> : Paidós</subfield>
      <subfield code="c"> , 1997</subfield>
    </datafield>
    <datafield tag="300" ind1=" " ind2=" ">
      <subfield code="a">233 p. ; 22 cm. : </subfield>
    </datafield>
    <datafield tag="440" ind1=" " ind2=" ">
      <subfield code="a">Aportes a la educación inicial</subfield>
      <subfield code="a">Educación infantil y primaria</subfield>
      <subfield code="a">Educación</subfield>
      <subfield code="a">Schaum</subfield>
      <subfield code="a">Schaum</subfield>
      <subfield code="a">Cuadernos UADE , 130</subfield>
      <subfield code="a">Cuadernos UADE / dir.Rodolfo Apreda , 104</subfield>
      <subfield code="a">Cuadernos UADE / Rodolfo Apreda , 110</subfield>
      <subfield code="a">Cuadernos UADE , 128</subfield>
      <subfield code="a">Cuadernos Uade , 129</subfield>
      <subfield code="a">Cuadernos UADE , 38</subfield>
      <subfield code="a">McGraw Hill series industrial engineers and management scien</subfield>
      <subfield code="a">Aula abierta , II técnicas y análisis de datos</subfield>
      <subfield code="a">Paidós empresa</subfield>
      <subfield code="v">45</subfield>
    </datafield>
    <datafield tag="490" ind1=" " ind2=" ">
      <subfield code="a">Aportes a la educación inicial</subfield>
      <subfield code="a">Educación infantil y primaria</subfield>
      <subfield code="a">Educación</subfield>
      <subfield code="a">Schaum</subfield>
      <subfield code="a">Schaum</subfield>
      <subfield code="a">Cuadernos UADE , 130</subfield>
      <subfield code="a">Cuadernos UADE / dir.Rodolfo Apreda , 104</subfield>
      <subfield code="a">Cuadernos UADE / Rodolfo Apreda , 110</subfield>
      <subfield code="a">Cuadernos UADE , 128</subfield>
      <subfield code="a">Cuadernos Uade , 129</subfield>
      <subfield code="a">Cuadernos UADE , 38</subfield>
      <subfield code="a">McGraw Hill series industrial engineers and management scien</subfield>
      <subfield code="a">Aula abierta , II técnicas y análisis de datos</subfield>
      <subfield code="a">Paidós empresa</subfield>
      <subfield code="v">45</subfield>
    </datafield>
    <datafield tag="440" ind1=" " ind2=" ">
      <subfield code="v">45</subfield>
    </datafield>
    <datafield tag="490" ind1=" " ind2=" ">
      <subfield code="v">45</subfield>
    </datafield>
    <datafield tag="942" ind1=" " ind2=" ">
      <subfield code="c">BK</subfield>
    </datafield>
    <datafield tag="952" ind1=" " ind2=" ">
      <subfield code="a">BIB_UACO</subfield>
      <subfield code="b">BIB_UACO</subfield>
      <subfield code="d">2006-12-07</subfield>
      <subfield code="y">BK</subfield>
      <subfield code="p">02-02498</subfield>
    </datafield>
  </record>