
  <record>
    <leader>01000aam  22002601a 4500</leader>
    <controlfield tag="001">YPZ17965</controlfield>
    <controlfield tag="003">YPZ</controlfield>
    <controlfield tag="005">200612071636340</controlfield>
    <controlfield tag="008">061207|###########||||||b||||||||||spa|d</controlfield>
    <datafield tag="020" ind1=" " ind2=" ">
      <subfield code="a">1884842119</subfield>
    </datafield>
    <datafield tag="020" ind1=" " ind2=" ">
      <subfield code="a"> 013442526X</subfield>
    </datafield>
    <datafield tag="040" ind1=" " ind2=" ">
      <subfield code="c">SIUNPA</subfield>
    </datafield>
    <datafield tag="041" ind1=" " ind2=" ">
      <subfield code="a">eng</subfield>
    </datafield>
    <datafield tag="044" ind1=" " ind2=" ">
      <subfield code="a">US</subfield>
    </datafield>
    <datafield tag="082" ind1=" " ind2=" ">
      <subfield code="a">519.683 H852s</subfield>
    </datafield>
    <datafield tag="100" ind1=" " ind2=" ">
      <subfield code="a">Howard Tim.</subfield>
    </datafield>
    <datafield tag="245" ind1=" " ind2=" ">
      <subfield code="a">The smalltalk developer's : guide to visualworks</subfield>
    </datafield>
    <datafield tag="260" ind1=" " ind2=" ">
      <subfield code="a">New York</subfield>
      <subfield code="b"> : SIGS Books</subfield>
      <subfield code="c"> , 1995</subfield>
    </datafield>
    <datafield tag="300" ind1=" " ind2=" ">
      <subfield code="a">xxi, 624 p. ; 23 cm. : </subfield>
    </datafield>
    <datafield tag="440" ind1=" " ind2=" ">
      <subfield code="a">Software engineering-Quality management</subfield>
      <subfield code="a">McGraw Hill series in industrial engineering and management</subfield>
      <subfield code="a">Systems design and implementation series</subfield>
      <subfield code="a">Software development / Software engineering</subfield>
      <subfield code="a">Area: arquitectura / Diseño</subfield>
      <subfield code="a">International Computer Science Series</subfield>
      <subfield code="a">El mamífero parlante</subfield>
      <subfield code="a">Educación critica</subfield>
      <subfield code="a">Yourdon press computing series.</subfield>
      <subfield code="a">Educación, 33</subfield>
      <subfield code="a">Educación</subfield>
      <subfield code="a">Técnicas y lenguajes corporales, 29</subfield>
      <subfield code="a">Antrazyt, 85</subfield>
      <subfield code="a">Noesis de comunicación, 7.</subfield>
      <subfield code="a">Pensamiento crítico/Pensamiento utópico, 51</subfield>
      <subfield code="a">Advances in object technology</subfield>
      <subfield code="v">9</subfield>
    </datafield>
    <datafield tag="490" ind1=" " ind2=" ">
      <subfield code="a">Software engineering-Quality management</subfield>
      <subfield code="a">McGraw Hill series in industrial engineering and management</subfield>
      <subfield code="a">Systems design and implementation series</subfield>
      <subfield code="a">Software development / Software engineering</subfield>
      <subfield code="a">Area: arquitectura / Diseño</subfield>
      <subfield code="a">International Computer Science Series</subfield>
      <subfield code="a">El mamífero parlante</subfield>
      <subfield code="a">Educación critica</subfield>
      <subfield code="a">Yourdon press computing series.</subfield>
      <subfield code="a">Educación, 33</subfield>
      <subfield code="a">Educación</subfield>
      <subfield code="a">Técnicas y lenguajes corporales, 29</subfield>
      <subfield code="a">Antrazyt, 85</subfield>
      <subfield code="a">Noesis de comunicación, 7.</subfield>
      <subfield code="a">Pensamiento crítico/Pensamiento utópico, 51</subfield>
      <subfield code="a">Advances in object technology</subfield>
      <subfield code="v">9</subfield>
    </datafield>
    <datafield tag="440" ind1=" " ind2=" ">
      <subfield code="v">9</subfield>
    </datafield>
    <datafield tag="490" ind1=" " ind2=" ">
      <subfield code="v">9</subfield>
    </datafield>
    <datafield tag="942" ind1=" " ind2=" ">
      <subfield code="c">BK</subfield>
    </datafield>
    <datafield tag="952" ind1=" " ind2=" ">
      <subfield code="a">BIB_UACO</subfield>
      <subfield code="b">BIB_UACO</subfield>
      <subfield code="d">2006-12-07</subfield>
      <subfield code="y">BK</subfield>
      <subfield code="p">02-05893</subfield>
    </datafield>
  </record>