
  <record>
    <leader>01000aam  22002601a 4500</leader>
    <controlfield tag="001">YPZ18032</controlfield>
    <controlfield tag="003">YPZ</controlfield>
    <controlfield tag="005">200612071636340</controlfield>
    <controlfield tag="008">061207|###########||||||b||||||||||spa|d</controlfield>
    <datafield tag="040" ind1=" " ind2=" ">
      <subfield code="c">SIUNPA</subfield>
    </datafield>
    <datafield tag="041" ind1=" " ind2=" ">
      <subfield code="a">spa</subfield>
    </datafield>
    <datafield tag="044" ind1=" " ind2=" ">
      <subfield code="a">AR</subfield>
    </datafield>
    <datafield tag="082" ind1=" " ind2=" ">
      <subfield code="a">372.851 P397i</subfield>
    </datafield>
    <datafield tag="100" ind1=" " ind2=" ">
      <subfield code="a">Penchansky de Bosch, Lydia.</subfield>
    </datafield>
    <datafield tag="700" ind1=" " ind2=" ">
      <subfield code="a">Fornasari de Menegazzo, Lilia.</subfield>
    </datafield>
    <datafield tag="245" ind1=" " ind2=" ">
      <subfield code="a">La iniciación matemática de acuerdo con la psicología de Jean Piaget</subfield>
      <subfield code="b"> : tres unidades de autoinstrucción</subfield>
    </datafield>
    <datafield tag="260" ind1=" " ind2=" ">
      <subfield code="a">Buenos Aires</subfield>
      <subfield code="b"> : Latina</subfield>
      <subfield code="c"> , 1974</subfield>
    </datafield>
    <datafield tag="440" ind1=" " ind2=" ">
      <subfield code="a">Interfase</subfield>
      <subfield code="a">Psicología y educación</subfield>
      <subfield code="a">Aprendizaje, xc.</subfield>
      <subfield code="a">Aprendizaje, LXXXIV</subfield>
      <subfield code="a">Mayor, 2</subfield>
      <subfield code="a">Aprendizaje, XIX.</subfield>
      <subfield code="a">Didáctica menor, 2.</subfield>
      <subfield code="a">Enseñanza de la matemática, II:3</subfield>
      <subfield code="a">Estados y operadores, III</subfield>
      <subfield code="a">Enseñanza de la matemática moderna, V, 1</subfield>
      <subfield code="a">Enseñanza de la matemática moderna,II ,1</subfield>
      <subfield code="a">Colección de autoinstrucción</subfield>
      <subfield code="v">2</subfield>
    </datafield>
    <datafield tag="490" ind1=" " ind2=" ">
      <subfield code="a">Interfase</subfield>
      <subfield code="a">Psicología y educación</subfield>
      <subfield code="a">Aprendizaje, xc.</subfield>
      <subfield code="a">Aprendizaje, LXXXIV</subfield>
      <subfield code="a">Mayor, 2</subfield>
      <subfield code="a">Aprendizaje, XIX.</subfield>
      <subfield code="a">Didáctica menor, 2.</subfield>
      <subfield code="a">Enseñanza de la matemática, II:3</subfield>
      <subfield code="a">Estados y operadores, III</subfield>
      <subfield code="a">Enseñanza de la matemática moderna, V, 1</subfield>
      <subfield code="a">Enseñanza de la matemática moderna,II ,1</subfield>
      <subfield code="a">Colección de autoinstrucción</subfield>
      <subfield code="v">2</subfield>
    </datafield>
    <datafield tag="942" ind1=" " ind2=" ">
      <subfield code="c">BK</subfield>
    </datafield>
    <datafield tag="952" ind1=" " ind2=" ">
      <subfield code="a">BIB_UACO</subfield>
      <subfield code="b">BIB_UACO</subfield>
      <subfield code="d">2007-05-11</subfield>
      <subfield code="y">BK</subfield>
      <subfield code="p">02-32030</subfield>
    </datafield>
    <datafield tag="952" ind1=" " ind2=" ">
      <subfield code="a">BIB_UASJ</subfield>
      <subfield code="b">BIB_UASJ</subfield>
      <subfield code="d">2007-05-11</subfield>
      <subfield code="y">BK</subfield>
      <subfield code="p">04-00529</subfield>
    </datafield>
  </record>