
  <record>
    <leader>01000aam  22002601a 4500</leader>
    <controlfield tag="001">YPZ18099</controlfield>
    <controlfield tag="003">YPZ</controlfield>
    <controlfield tag="005">200612111329410</controlfield>
    <controlfield tag="008">061211|###########||||||b||||||||||spa|d</controlfield>
    <datafield tag="020" ind1=" " ind2=" ">
      <subfield code="a">9505344082</subfield>
    </datafield>
    <datafield tag="040" ind1=" " ind2=" ">
      <subfield code="c">SIUNPA</subfield>
    </datafield>
    <datafield tag="041" ind1=" " ind2=" ">
      <subfield code="a">spa</subfield>
    </datafield>
    <datafield tag="044" ind1=" " ind2=" ">
      <subfield code="a">AR</subfield>
    </datafield>
    <datafield tag="082" ind1=" " ind2=" ">
      <subfield code="a">372.46 C386c3</subfield>
    </datafield>
    <datafield tag="245" ind1=" " ind2=" ">
      <subfield code="a">Los CBC y la enseñanza de la lengua</subfield>
      <subfield code="c"> / Esperanza, Gladys, coord. pedagógica ; Gotbeter, Gustavo, coord. pedagógica ; Iaies, Gustavo, comp.</subfield>
    </datafield>
    <datafield tag="250" ind1=" " ind2=" ">
      <subfield code="a">3a ed.</subfield>
    </datafield>
    <datafield tag="260" ind1=" " ind2=" ">
      <subfield code="a">Buenos Aires</subfield>
      <subfield code="b"> : A-Z Editora</subfield>
      <subfield code="c"> , 2002</subfield>
    </datafield>
    <datafield tag="440" ind1=" " ind2=" ">
      <subfield code="a">Nuevos Aires en Educación</subfield>
      <subfield code="a">Pedagogías Corporales</subfield>
      <subfield code="a">Juegos y dinámicas</subfield>
      <subfield code="a">Aportes a la educación inicial</subfield>
      <subfield code="a">Cosmovisión</subfield>
      <subfield code="a">Biblioteca de la Nueva Educación</subfield>
      <subfield code="a">Pedagogía, educación infantil y primaria</subfield>
      <subfield code="a">aprendizaje, xii</subfield>
      <subfield code="a">Lan Times</subfield>
      <subfield code="a">El seminario de jacques Lacan, 4</subfield>
      <subfield code="a">Educador, 96</subfield>
      <subfield code="a">Educación hoy. Estudios</subfield>
      <subfield code="a">Carrera docente</subfield>
      <subfield code="a">Sección de obras de sociología</subfield>
      <subfield code="a">Serie pensar el aula</subfield>
      <subfield code="v">4</subfield>
    </datafield>
    <datafield tag="490" ind1=" " ind2=" ">
      <subfield code="a">Nuevos Aires en Educación</subfield>
      <subfield code="a">Pedagogías Corporales</subfield>
      <subfield code="a">Juegos y dinámicas</subfield>
      <subfield code="a">Aportes a la educación inicial</subfield>
      <subfield code="a">Cosmovisión</subfield>
      <subfield code="a">Biblioteca de la Nueva Educación</subfield>
      <subfield code="a">Pedagogía, educación infantil y primaria</subfield>
      <subfield code="a">aprendizaje, xii</subfield>
      <subfield code="a">Lan Times</subfield>
      <subfield code="a">El seminario de jacques Lacan, 4</subfield>
      <subfield code="a">Educador, 96</subfield>
      <subfield code="a">Educación hoy. Estudios</subfield>
      <subfield code="a">Carrera docente</subfield>
      <subfield code="a">Sección de obras de sociología</subfield>
      <subfield code="a">Serie pensar el aula</subfield>
      <subfield code="v">4</subfield>
    </datafield>
    <datafield tag="942" ind1=" " ind2=" ">
      <subfield code="c">BK</subfield>
    </datafield>
    <datafield tag="952" ind1=" " ind2=" ">
      <subfield code="a">BIB_UACO</subfield>
      <subfield code="b">BIB_UACO</subfield>
      <subfield code="d">2006-12-11</subfield>
      <subfield code="y">BK</subfield>
      <subfield code="p">02-06795</subfield>
    </datafield>
    <datafield tag="952" ind1=" " ind2=" ">
      <subfield code="a">BIB_UACO</subfield>
      <subfield code="b">BIB_UACO</subfield>
      <subfield code="d">2006-12-11</subfield>
      <subfield code="y">BK</subfield>
      <subfield code="p">02-06796</subfield>
    </datafield>
    <datafield tag="952" ind1=" " ind2=" ">
      <subfield code="a">BIB_UACO</subfield>
      <subfield code="b">BIB_UACO</subfield>
      <subfield code="d">2006-12-11</subfield>
      <subfield code="y">BK</subfield>
      <subfield code="p">02-07787</subfield>
    </datafield>
    <datafield tag="952" ind1=" " ind2=" ">
      <subfield code="a">BIB_UACO</subfield>
      <subfield code="b">BIB_UACO</subfield>
      <subfield code="d">2006-12-11</subfield>
      <subfield code="y">BK</subfield>
      <subfield code="p">02-07788</subfield>
    </datafield>
    <datafield tag="952" ind1=" " ind2=" ">
      <subfield code="a">BIB_UACO</subfield>
      <subfield code="b">BIB_UACO</subfield>
      <subfield code="d">2006-12-11</subfield>
      <subfield code="y">BK</subfield>
      <subfield code="p">02-07789</subfield>
    </datafield>
    <datafield tag="952" ind1=" " ind2=" ">
      <subfield code="a">BIB_UACO</subfield>
      <subfield code="b">BIB_UACO</subfield>
      <subfield code="d">2006-12-11</subfield>
      <subfield code="y">BK</subfield>
      <subfield code="p">02-07790</subfield>
    </datafield>
    <datafield tag="952" ind1=" " ind2=" ">
      <subfield code="a">BIB_UACO</subfield>
      <subfield code="b">BIB_UACO</subfield>
      <subfield code="d">2006-12-11</subfield>
      <subfield code="y">BK</subfield>
      <subfield code="p">02-07791</subfield>
    </datafield>
  </record>