
  <record>
    <leader>01000aam  22002601a 4500</leader>
    <controlfield tag="001">YPZ18139</controlfield>
    <controlfield tag="003">YPZ</controlfield>
    <controlfield tag="005">200612111329410</controlfield>
    <controlfield tag="008">061211|###########||||||b||||||||||spa|d</controlfield>
    <datafield tag="020" ind1=" " ind2=" ">
      <subfield code="a">9505501714</subfield>
    </datafield>
    <datafield tag="040" ind1=" " ind2=" ">
      <subfield code="c">SIUNPA</subfield>
    </datafield>
    <datafield tag="041" ind1=" " ind2=" ">
      <subfield code="a">spa</subfield>
    </datafield>
    <datafield tag="044" ind1=" " ind2=" ">
      <subfield code="a">AR</subfield>
    </datafield>
    <datafield tag="082" ind1=" " ind2=" ">
      <subfield code="a">371.3:5 P284b</subfield>
    </datafield>
    <datafield tag="100" ind1=" " ind2=" ">
      <subfield code="a">Pasquali Luis.</subfield>
    </datafield>
    <datafield tag="245" ind1=" " ind2=" ">
      <subfield code="a">Biología para docentes : aprender para enseñar</subfield>
    </datafield>
    <datafield tag="260" ind1=" " ind2=" ">
      <subfield code="a">Buenos Aires</subfield>
      <subfield code="b"> : Magisterio del Río de la Plata</subfield>
      <subfield code="c"> , 1995</subfield>
    </datafield>
    <datafield tag="440" ind1=" " ind2=" ">
      <subfield code="a">Wiley finance editions</subfield>
      <subfield code="a">Pedagogía: educación infantil y primaria., 9</subfield>
      <subfield code="a">Alternativas en salud mental</subfield>
      <subfield code="a">Systems design</subfield>
      <subfield code="a">International computer science</subfield>
      <subfield code="a">Aula abierta</subfield>
      <subfield code="a">Electricad-Electrónica</subfield>
      <subfield code="a">The Harvard Business Review book series</subfield>
      <subfield code="a">Electricidad - Electrónica</subfield>
      <subfield code="a">Informática paso a paso</subfield>
      <subfield code="a">Colección respuestas educativas. Serie Ciencias Biológicas</subfield>
    </datafield>
    <datafield tag="490" ind1=" " ind2=" ">
      <subfield code="a">Wiley finance editions</subfield>
      <subfield code="a">Pedagogía: educación infantil y primaria., 9</subfield>
      <subfield code="a">Alternativas en salud mental</subfield>
      <subfield code="a">Systems design</subfield>
      <subfield code="a">International computer science</subfield>
      <subfield code="a">Aula abierta</subfield>
      <subfield code="a">Electricad-Electrónica</subfield>
      <subfield code="a">The Harvard Business Review book series</subfield>
      <subfield code="a">Electricidad - Electrónica</subfield>
      <subfield code="a">Informática paso a paso</subfield>
      <subfield code="a">Colección respuestas educativas. Serie Ciencias Biológicas</subfield>
    </datafield>
    <datafield tag="942" ind1=" " ind2=" ">
      <subfield code="c">BK</subfield>
    </datafield>
    <datafield tag="952" ind1=" " ind2=" ">
      <subfield code="a">BIB_UACO</subfield>
      <subfield code="b">BIB_UACO</subfield>
      <subfield code="d">2006-12-11</subfield>
      <subfield code="y">BK</subfield>
      <subfield code="p">02-02048</subfield>
    </datafield>
    <datafield tag="952" ind1=" " ind2=" ">
      <subfield code="a">BIB_UACO</subfield>
      <subfield code="b">BIB_UACO</subfield>
      <subfield code="d">2006-12-11</subfield>
      <subfield code="y">BK</subfield>
      <subfield code="p">02-02049</subfield>
    </datafield>
  </record>