
  <record>
    <leader>01000aam  22002601a 4500</leader>
    <controlfield tag="001">YPZ18177</controlfield>
    <controlfield tag="003">YPZ</controlfield>
    <controlfield tag="005">200612111329410</controlfield>
    <controlfield tag="008">061211|###########||||||b||||||||||spa|d</controlfield>
    <datafield tag="020" ind1=" " ind2=" ">
      <subfield code="a">8448701194</subfield>
    </datafield>
    <datafield tag="040" ind1=" " ind2=" ">
      <subfield code="c">SIUNPA</subfield>
    </datafield>
    <datafield tag="041" ind1=" " ind2=" ">
      <subfield code="a">spa</subfield>
    </datafield>
    <datafield tag="044" ind1=" " ind2=" ">
      <subfield code="a">ES</subfield>
    </datafield>
    <datafield tag="082" ind1=" " ind2=" ">
      <subfield code="a">159.922 P579es</subfield>
    </datafield>
    <datafield tag="100" ind1=" " ind2=" ">
      <subfield code="a">Piaget J..</subfield>
    </datafield>
    <datafield tag="245" ind1=" " ind2=" ">
      <subfield code="a">Estudio sobre lógica y psicología</subfield>
      <subfield code="c"> / compilación, introducción y versión española; Deaño. Alfredo ; Delval. Juan</subfield>
    </datafield>
    <datafield tag="260" ind1=" " ind2=" ">
      <subfield code="a">Barcelona</subfield>
      <subfield code="b"> : Altaya</subfield>
    </datafield>
    <datafield tag="440" ind1=" " ind2=" ">
      <subfield code="a">Biblioteca del educador contemporáneo. Serie didáctica menor</subfield>
      <subfield code="a">Complex adaptative systems</subfield>
      <subfield code="a">Tratado de psicología experimental</subfield>
      <subfield code="a">Tratado de psicología experimental</subfield>
      <subfield code="a">Colección políticas, servicios y trabajo social</subfield>
      <subfield code="a">Lógica y conocimiento científico / bajo la dirección de Jean</subfield>
      <subfield code="a">Grandes obras del pensamiento</subfield>
      <subfield code="v">25</subfield>
    </datafield>
    <datafield tag="490" ind1=" " ind2=" ">
      <subfield code="a">Biblioteca del educador contemporáneo. Serie didáctica menor</subfield>
      <subfield code="a">Complex adaptative systems</subfield>
      <subfield code="a">Tratado de psicología experimental</subfield>
      <subfield code="a">Tratado de psicología experimental</subfield>
      <subfield code="a">Colección políticas, servicios y trabajo social</subfield>
      <subfield code="a">Lógica y conocimiento científico / bajo la dirección de Jean</subfield>
      <subfield code="a">Grandes obras del pensamiento</subfield>
      <subfield code="v">25</subfield>
    </datafield>
    <datafield tag="440" ind1=" " ind2=" ">
      <subfield code="v">25</subfield>
    </datafield>
    <datafield tag="490" ind1=" " ind2=" ">
      <subfield code="v">25</subfield>
    </datafield>
    <datafield tag="942" ind1=" " ind2=" ">
      <subfield code="c">BK</subfield>
    </datafield>
    <datafield tag="952" ind1=" " ind2=" ">
      <subfield code="a">BIB_UACO</subfield>
      <subfield code="b">BIB_UACO</subfield>
      <subfield code="d">2006-12-11</subfield>
      <subfield code="y">BK</subfield>
      <subfield code="p">02-03044</subfield>
    </datafield>
  </record>