
  <record>
    <leader>01000aam  22002601a 4500</leader>
    <controlfield tag="001">YPZ18299</controlfield>
    <controlfield tag="003">YPZ</controlfield>
    <controlfield tag="005">200612111329410</controlfield>
    <controlfield tag="008">061211|###########||||||b||||||||||spa|d</controlfield>
    <datafield tag="020" ind1=" " ind2=" ">
      <subfield code="a">9688534242</subfield>
    </datafield>
    <datafield tag="040" ind1=" " ind2=" ">
      <subfield code="c">SIUNPA</subfield>
    </datafield>
    <datafield tag="041" ind1=" " ind2=" ">
      <subfield code="a">spa</subfield>
    </datafield>
    <datafield tag="044" ind1=" " ind2=" ">
      <subfield code="a">MX</subfield>
    </datafield>
    <datafield tag="082" ind1=" " ind2=" ">
      <subfield code="a">371.3:5 C216c</subfield>
    </datafield>
    <datafield tag="100" ind1=" " ind2=" ">
      <subfield code="a">Candela Antonia.</subfield>
    </datafield>
    <datafield tag="245" ind1=" " ind2=" ">
      <subfield code="a">Ciencia en el aula : los alumnos entre la argumentación y el consenso</subfield>
    </datafield>
    <datafield tag="250" ind1=" " ind2=" ">
      <subfield code="a">1a. ed</subfield>
    </datafield>
    <datafield tag="260" ind1=" " ind2=" ">
      <subfield code="a">México, D.F.</subfield>
      <subfield code="b"> : Paidós</subfield>
      <subfield code="c"> , 1999</subfield>
    </datafield>
    <datafield tag="440" ind1=" " ind2=" ">
      <subfield code="a">Colección guías de gestión para la pequeña empresa / Avelina</subfield>
      <subfield code="a">Colección papeles de pedagogía</subfield>
      <subfield code="a">McGraw Hill de Management</subfield>
      <subfield code="a">educación</subfield>
      <subfield code="a">The UT year of programming series</subfield>
      <subfield code="a">Schaum</subfield>
      <subfield code="a">Colección aportes para la transformación educativa</subfield>
      <subfield code="a">Colección Paidós educador</subfield>
      <subfield code="v">v. 148</subfield>
    </datafield>
    <datafield tag="490" ind1=" " ind2=" ">
      <subfield code="a">Colección guías de gestión para la pequeña empresa / Avelina</subfield>
      <subfield code="a">Colección papeles de pedagogía</subfield>
      <subfield code="a">McGraw Hill de Management</subfield>
      <subfield code="a">educación</subfield>
      <subfield code="a">The UT year of programming series</subfield>
      <subfield code="a">Schaum</subfield>
      <subfield code="a">Colección aportes para la transformación educativa</subfield>
      <subfield code="a">Colección Paidós educador</subfield>
      <subfield code="v">v. 148</subfield>
    </datafield>
    <datafield tag="440" ind1=" " ind2=" ">
      <subfield code="v">v. 148</subfield>
    </datafield>
    <datafield tag="490" ind1=" " ind2=" ">
      <subfield code="v">v. 148</subfield>
    </datafield>
    <datafield tag="942" ind1=" " ind2=" ">
      <subfield code="c">BK</subfield>
    </datafield>
    <datafield tag="952" ind1=" " ind2=" ">
      <subfield code="a">BIB_UACO</subfield>
      <subfield code="b">BIB_UACO</subfield>
      <subfield code="d">2006-12-11</subfield>
      <subfield code="y">BK</subfield>
      <subfield code="p">02-08218</subfield>
    </datafield>
  </record>