
  <record>
    <leader>01000aam  22002601a 4500</leader>
    <controlfield tag="001">YPZ18400</controlfield>
    <controlfield tag="003">YPZ</controlfield>
    <controlfield tag="005">200612151445380</controlfield>
    <controlfield tag="008">061215|###########||||||b||||||||||spa|d</controlfield>
    <datafield tag="020" ind1=" " ind2=" ">
      <subfield code="a">9871285000</subfield>
    </datafield>
    <datafield tag="040" ind1=" " ind2=" ">
      <subfield code="c">SIUNPA</subfield>
    </datafield>
    <datafield tag="041" ind1=" " ind2=" ">
      <subfield code="a">spa</subfield>
    </datafield>
    <datafield tag="044" ind1=" " ind2=" ">
      <subfield code="a">AR</subfield>
    </datafield>
    <datafield tag="082" ind1=" " ind2=" ">
      <subfield code="a">070.11 M537e</subfield>
    </datafield>
    <datafield tag="100" ind1=" " ind2=" ">
      <subfield code="a">Mendelevich, Pablo.</subfield>
    </datafield>
    <datafield tag="245" ind1=" " ind2=" ">
      <subfield code="a">Ética periodística en la Argentina y en el mundo</subfield>
      <subfield code="b"> : estudio comparado con miras a la acción</subfield>
    </datafield>
    <datafield tag="260" ind1=" " ind2=" ">
      <subfield code="a">Buenos Aires</subfield>
      <subfield code="b"> : Konrad Adenauer Stiftung</subfield>
      <subfield code="c"> , 2005</subfield>
    </datafield>
    <datafield tag="300" ind1=" " ind2=" ">
      <subfield code="a">278 p. : </subfield>
      <subfield code="a">490 p. : </subfield>
      <subfield code="b">il. ; </subfield>
      <subfield code="a">381 p. : </subfield>
      <subfield code="a">2 v. : </subfield>
      <subfield code="b">il. ; </subfield>
      <subfield code="a">v. : </subfield>
      <subfield code="b">il. ; </subfield>
      <subfield code="a">xxxvi, 995 p. : </subfield>
      <subfield code="b">il. ; </subfield>
      <subfield code="a">135 p. : </subfield>
      <subfield code="a">308 p. ; 24 cm. : </subfield>
      <subfield code="a">xliv, 1321 p. ; 24 cm. : </subfield>
      <subfield code="a">568 p. ; 23 cm. : </subfield>
      <subfield code="a">239 p. ; 24 cm. : </subfield>
      <subfield code="a">973 p. ; 23 cm. : </subfield>
      <subfield code="a">255 p. , 22 cm. : </subfield>
      <subfield code="a">122 p. ; 26 cm. : </subfield>
      <subfield code="a">xvi, 616 p. : </subfield>
      <subfield code="b">23 cm. ; </subfield>
      <subfield code="a">xiii, 286 p. ; 23 cm. : </subfield>
      <subfield code="a">xi, 176 p. ; 23 cm. : </subfield>
      <subfield code="a">340 p. ; 21 cm. : </subfield>
      <subfield code="a">xiii, 267 p. : </subfield>
      <subfield code="b">il. ; 30 cm. ; </subfield>
      <subfield code="a">xv, 184 p. : </subfield>
      <subfield code="b">il. ; 23 cm. ; </subfield>
      <subfield code="a">xv, 201 p. ; 25 cm. : </subfield>
      <subfield code="a">LXVIII p ; 911 p. ; 20 cm. : </subfield>
      <subfield code="a">222 p. ; 28 cm. : </subfield>
      <subfield code="a">xxxiv, 1040 p. : </subfield>
      <subfield code="b">il. ; 23 cm ; </subfield>
      <subfield code="a">XII, 249 p. ; 30 cm. : </subfield>
      <subfield code="a">XV, 655 p. : </subfield>
      <subfield code="b">il. ; 24 cm. ; </subfield>
      <subfield code="a">366 p. ; 19 cm. : </subfield>
      <subfield code="a">vi, 324 p. : </subfield>
      <subfield code="a">xxiii, 579 p. ; 25 cm. : </subfield>
      <subfield code="a">XV, 279 p. ; 27 cm. : </subfield>
      <subfield code="a">102 p. : </subfield>
      <subfield code="b">il. ; 27 cm. ; </subfield>
      <subfield code="a">2t ;  21 cm. : </subfield>
      <subfield code="a">530 p. : </subfield>
      <subfield code="a">238 p. ; 27 cm. : </subfield>
      <subfield code="a">[8], 408 p. ; 23 cm. : </subfield>
      <subfield code="a">506 p. ; 25 cm. : </subfield>
      <subfield code="a">xx, 885 p. ; 23 cm. : </subfield>
      <subfield code="a">21 p. ; 28 cm. : </subfield>
      <subfield code="a">xiv, 222 p. : </subfield>
      <subfield code="b">il. ; </subfield>
      <subfield code="a">203 p. ; 21 cm. : </subfield>
      <subfield code="a">163 p. ; 21 cm. : </subfield>
      <subfield code="a">262 p. ; 21 cm. : </subfield>
      <subfield code="a">103 p. : </subfield>
      <subfield code="a">638 p. ; 23 cm. : </subfield>
      <subfield code="a">xiv, 406 p. ; 23 cm. : </subfield>
      <subfield code="a">xx, 746 p. ; 26 cm. : </subfield>
      <subfield code="a">247 p. ; 22 cm. : </subfield>
      <subfield code="a">258 p. ; 23 cm. : </subfield>
      <subfield code="a">xvi, 461 p. ; 24 cm. : </subfield>
      <subfield code="a">187 p. : </subfield>
      <subfield code="b">il. ; </subfield>
      <subfield code="a">218 p. ; 23 cm. : </subfield>
      <subfield code="a">198 p. ; 20 cm. : </subfield>
      <subfield code="a">xviii, [1023] p. ; 25 cm. : </subfield>
      <subfield code="a">412 p. ; 22 cm. : </subfield>
      <subfield code="a">204 p. : </subfield>
      <subfield code="a">703 p. ; 22 cm. : </subfield>
      <subfield code="a">xiii, 366 p. : </subfield>
      <subfield code="a">129 p. ; 23 cm. : </subfield>
      <subfield code="a">235 p. ; 21 cm. : </subfield>
      <subfield code="a">311p. ; 27 cm. : </subfield>
      <subfield code="a">358 p. ; 27 cm. : </subfield>
      <subfield code="a">118 p. ; 22 cm. : </subfield>
      <subfield code="a">124 p. ; 22 cm. : </subfield>
      <subfield code="a">150 p. ; 22 cm. : </subfield>
      <subfield code="a">643 p. : </subfield>
      <subfield code="a">255 p. ; 21 cm. : </subfield>
      <subfield code="a">176 p. ; 24 cm. : </subfield>
      <subfield code="a">1 v. ; 22 cm. : </subfield>
      <subfield code="a">2 v. ; 22 cm. : </subfield>
      <subfield code="a">66 p. ; 20 cm. : </subfield>
      <subfield code="a">229 p. ; 20 cm. : </subfield>
      <subfield code="a">xvi, 422 p. ; 23 cm. : </subfield>
      <subfield code="a">xvi, 654 p. ; 23 cm. : </subfield>
      <subfield code="a">xxviii, 860 p. ; 24 cm. : </subfield>
      <subfield code="a">446 p. ; 22 cm. : </subfield>
      <subfield code="a">485 p. ; 25 cm. : </subfield>
      <subfield code="a">791 p. ; 25 cm. : </subfield>
      <subfield code="a">207 p. ; 22 cm. : </subfield>
      <subfield code="a">285 p. ; 20 cm. : </subfield>
      <subfield code="a">4 t. ; 22 cm. : </subfield>
      <subfield code="a">xx, 805 p. ; 23 cm. : </subfield>
      <subfield code="a">xvii, 489 p. ; 23 cm. : </subfield>
      <subfield code="a">xiv, 634 p. ; 26 cm. : </subfield>
      <subfield code="a">[806] p. ; 23 cm. : </subfield>
      <subfield code="a">120 p. ; 19 cm. : </subfield>
      <subfield code="a">152 p. : </subfield>
      <subfield code="b">il. ; 21 cm. ; </subfield>
      <subfield code="a">483 p. 25 cm. : </subfield>
      <subfield code="a">[808] p. ; 23 cm. : </subfield>
      <subfield code="a">xviii, 524 p. ; 23 cm. : </subfield>
      <subfield code="a">xxviii, 497 p. ; 24 cm. : </subfield>
      <subfield code="a">342 p. ; 24 cm. : </subfield>
      <subfield code="a">674 p. ; 23 cm. : </subfield>
      <subfield code="a">XIX, 778 p. ; 24 cm. : </subfield>
      <subfield code="a">164 p. ; 18 cm. : </subfield>
      <subfield code="a">670 p. ; 24 cm. : </subfield>
      <subfield code="a">263 p. ; 22 cm. : </subfield>
      <subfield code="a">xix, 579 p. ; 24 cm. : </subfield>
      <subfield code="a">xxii, 887 p. ; 23 cm. : </subfield>
      <subfield code="a">636 p. 24 cm. : </subfield>
      <subfield code="a">298 p. ; 25 cm. : </subfield>
      <subfield code="a">200 p ; 27 cm. : </subfield>
      <subfield code="a">xviii, 558 p. ; 24 cm. : </subfield>
      <subfield code="a">xiii, 400 p. ; 24 cm. : </subfield>
      <subfield code="a">XII, 680 p. ; 23 cm. : </subfield>
      <subfield code="a">xxvii, 955, [54] p. : </subfield>
      <subfield code="a">261 p. ; 21 cm. : </subfield>
      <subfield code="a">189 p. ; 21 cm. : </subfield>
      <subfield code="a">720 p. ; 23 cm : </subfield>
      <subfield code="a">[600] p. ; 25 cm. : </subfield>
      <subfield code="a">366 p. ; 21 cm. : </subfield>
      <subfield code="a">430 p. ; 21 cm. : </subfield>
      <subfield code="a">[100] p. ; 19 cm. : </subfield>
      <subfield code="a">149 p. ; 22 cm. : </subfield>
      <subfield code="a">[278] p. ; 23 cm. : </subfield>
      <subfield code="a">114 p. ; 21 cm : </subfield>
      <subfield code="a">xiv, 242 p. ; 24 cm. : </subfield>
      <subfield code="a">xiv, 576 p. ; 24 cm. : </subfield>
      <subfield code="a">[1200] p. ; 25 cm. : </subfield>
      <subfield code="a">452 p. ; 23 cm. : </subfield>
      <subfield code="a">164 p. ; 21 cm : </subfield>
      <subfield code="a">xix, 506 p. ; 23 cm. : </subfield>
      <subfield code="a">xiii, 158 p. ; 23 cm. : </subfield>
      <subfield code="a">194 p. ; 28 cm : </subfield>
      <subfield code="a">x, 296 p. ; 23 cm. : </subfield>
      <subfield code="a">219 p. ; 21 cm. : </subfield>
      <subfield code="a">603 p. ; 24 cm. : </subfield>
      <subfield code="a">270 p. ; 22 cm. : </subfield>
      <subfield code="a">192 p. : </subfield>
      <subfield code="a">192 p. ; 23 cm : </subfield>
      <subfield code="a">[430] p. en varias paginaciones : </subfield>
      <subfield code="b">il. ; </subfield>
      <subfield code="a">90 p. : </subfield>
      <subfield code="b">il. ; 20 cm. ; </subfield>
      <subfield code="a">280 p. ; 22 cm. : </subfield>
      <subfield code="a">178 p. ; 24 cm. : </subfield>
      <subfield code="a">193 p. 22 cm. : </subfield>
      <subfield code="a">58 p. ; 17 cm : </subfield>
      <subfield code="a">159 p. ; 23 cm. : </subfield>
      <subfield code="a">219 p. : </subfield>
      <subfield code="b">il. , gráfs. , mapas ; </subfield>
      <subfield code="a">143 p. ; 24 cm. : </subfield>
      <subfield code="a">xvi, 245 p. ; 23 cm. : </subfield>
      <subfield code="a">xv, 172 p. ; 23 cm. : </subfield>
      <subfield code="a">204 p. ; 23 cm. : </subfield>
      <subfield code="a">xviii, 531 p. ; 27 cm. : </subfield>
      <subfield code="a">xvii, 531 p. ; 25 cm. : </subfield>
      <subfield code="a">261 p. ; 23 cm. : </subfield>
      <subfield code="a">xvii, 802 p. ; 23 cm. : </subfield>
      <subfield code="a">xii, 544 p. ; 23 cm. : </subfield>
      <subfield code="a">208 p. : </subfield>
      <subfield code="b">tbls. ; 21 cm. ; </subfield>
      <subfield code="a">233 p. : </subfield>
      <subfield code="b">il. ; 23 cm. ; </subfield>
      <subfield code="a">435 p. ; 23 cm. : </subfield>
      <subfield code="a">939 p. ; 24 cm. : </subfield>
      <subfield code="a">283 p. ; 18 cm. : </subfield>
      <subfield code="a">x, 224 p. ; 23 cm. : </subfield>
      <subfield code="a">89 p. ; 23 cm. : </subfield>
      <subfield code="a">302 p. ; 23 cm. : </subfield>
      <subfield code="a">xiii, 641 p. : </subfield>
      <subfield code="b">il. ; 28 cm. ; </subfield>
      <subfield code="a">205 p. ; 22 cm. : </subfield>
      <subfield code="a">x, 171 p. ; 23 cm. : </subfield>
      <subfield code="a">351 p. ; 22 cm. : </subfield>
      <subfield code="a">143 p. ; 28 cm. : </subfield>
      <subfield code="a">159 p. ; 28 cm : </subfield>
      <subfield code="a">86 p. : </subfield>
      <subfield code="b">il. ; </subfield>
      <subfield code="a">121 p. : </subfield>
      <subfield code="a">188 p. : </subfield>
      <subfield code="a">567 p. : </subfield>
      <subfield code="a">292 p. : </subfield>
      <subfield code="a">382 p. : </subfield>
      <subfield code="b">il. ; </subfield>
      <subfield code="a">183 p. : </subfield>
      <subfield code="a">2 v. : </subfield>
      <subfield code="b">il. ; </subfield>
      <subfield code="a">207 p. : </subfield>
      <subfield code="b">il. ; </subfield>
      <subfield code="a">xx,696 p. : </subfield>
      <subfield code="b">il. ; </subfield>
      <subfield code="a">278 p. : </subfield>
      <subfield code="a">258 p. : </subfield>
      <subfield code="a">xvii, 206 p. : </subfield>
      <subfield code="a">x, 194 p. : </subfield>
      <subfield code="b">il. ; </subfield>
      <subfield code="a">xvi, 228 p. : </subfield>
      <subfield code="b">il. ; </subfield>
      <subfield code="a">426 p. : </subfield>
      <subfield code="a">129 p. : </subfield>
      <subfield code="a">247 p. : </subfield>
      <subfield code="b">il. ; </subfield>
      <subfield code="a">397 p. : </subfield>
      <subfield code="b">il ; </subfield>
      <subfield code="a">382 p. : </subfield>
      <subfield code="a">333 p. : </subfield>
      <subfield code="b">il. ; </subfield>
      <subfield code="a">350 p. : </subfield>
      <subfield code="b">il. ; </subfield>
      <subfield code="a">719 p. : </subfield>
      <subfield code="b">il. ; </subfield>
      <subfield code="a">177 p. : </subfield>
      <subfield code="a">260 p. : </subfield>
      <subfield code="a">xvi, 711 p. : </subfield>
      <subfield code="a">202 p. : </subfield>
      <subfield code="a">636 p. : </subfield>
      <subfield code="a">230 p. : </subfield>
      <subfield code="a">79 p. : </subfield>
      <subfield code="a">219 p. : </subfield>
      <subfield code="b">il. ; </subfield>
      <subfield code="a">lxxxvi, xii, 863 p. : </subfield>
      <subfield code="a">145, 153 p. : </subfield>
      <subfield code="a">167 p. : </subfield>
      <subfield code="b">il. ; </subfield>
      <subfield code="a">184 p. : </subfield>
      <subfield code="a">277 p. : </subfield>
      <subfield code="a">xv, 507 p. : </subfield>
      <subfield code="b">il. ; </subfield>
      <subfield code="a">191 p. : </subfield>
      <subfield code="a">v. : </subfield>
      <subfield code="a">140 p. : </subfield>
      <subfield code="e">1 folleto (15 p.)</subfield>
    </datafield>
    <datafield tag="942" ind1=" " ind2=" ">
      <subfield code="c">BK</subfield>
    </datafield>
    <datafield tag="952" ind1=" " ind2=" ">
      <subfield code="a">BIB_UARG</subfield>
      <subfield code="b">BIB_UARG</subfield>
      <subfield code="d">2006-10-19</subfield>
      <subfield code="y">BK</subfield>
      <subfield code="p">05-31047</subfield>
    </datafield>
  </record>