
  <record>
    <leader>01000aam  22002601a 4500</leader>
    <controlfield tag="001">YPZ18425</controlfield>
    <controlfield tag="003">YPZ</controlfield>
    <controlfield tag="005">200612191217150</controlfield>
    <controlfield tag="008">061219|###########||||||b||||||||||spa|d</controlfield>
    <datafield tag="040" ind1=" " ind2=" ">
      <subfield code="c">SIUNPA</subfield>
    </datafield>
    <datafield tag="041" ind1=" " ind2=" ">
      <subfield code="a">spa</subfield>
    </datafield>
    <datafield tag="044" ind1=" " ind2=" ">
      <subfield code="a">AR</subfield>
    </datafield>
    <datafield tag="082" ind1=" " ind2=" ">
      <subfield code="a">81-11 J828p2</subfield>
    </datafield>
    <datafield tag="110" ind1=" " ind2=" ">
      <subfield code="a">Jornadas Peirce en Argentina (2 : 2006 : Buenos Aires).</subfield>
    </datafield>
    <datafield tag="245" ind1=" " ind2=" ">
      <subfield code="a">II Jornadas Peirce en Argentina</subfield>
      <subfield code="b"> : 7 y 8 de septiembre de 2006. Ponencias</subfield>
      <subfield code="c"> / Centro de Estudios Filosóficos Eugenio Pucciarelli (Argentina), org. ; Grupo de Estudios Peirceanos de Argentina, org.</subfield>
    </datafield>
    <datafield tag="260" ind1=" " ind2=" ">
      <subfield code="a">Buenos Aires</subfield>
      <subfield code="b"> : Academia de Ciencias de Buenos Aires</subfield>
      <subfield code="c"> , 2006</subfield>
    </datafield>
    <datafield tag="942" ind1=" " ind2=" ">
      <subfield code="c">BK</subfield>
    </datafield>
    <datafield tag="952" ind1=" " ind2=" ">
      <subfield code="a">BIB_UARG</subfield>
      <subfield code="b">BIB_UARG</subfield>
      <subfield code="d">2006-12-19</subfield>
      <subfield code="y">BK</subfield>
      <subfield code="p">05-31063</subfield>
    </datafield>
  </record>