
  <record>
    <leader>01000aam  22002601a 4500</leader>
    <controlfield tag="001">YPZ18426</controlfield>
    <controlfield tag="003">YPZ</controlfield>
    <controlfield tag="005">200612191221390</controlfield>
    <controlfield tag="008">061219|###########||||||b||||||||||spa|d</controlfield>
    <datafield tag="040" ind1=" " ind2=" ">
      <subfield code="c">SIUNPA</subfield>
    </datafield>
    <datafield tag="041" ind1=" " ind2=" ">
      <subfield code="a">spa</subfield>
    </datafield>
    <datafield tag="044" ind1=" " ind2=" ">
      <subfield code="a">AR</subfield>
    </datafield>
    <datafield tag="082" ind1=" " ind2=" ">
      <subfield code="a">021.1 S471d</subfield>
    </datafield>
    <datafield tag="110" ind1=" " ind2=" ">
      <subfield code="a">Seminario Dilemas de la Biblioteca Actual (2004 : Buenos Aires).</subfield>
    </datafield>
    <datafield tag="245" ind1=" " ind2=" ">
      <subfield code="a">Seminario Dilemas de la biblioteca actual</subfield>
      <subfield code="b"> : la creatividad frente a la crisis</subfield>
      <subfield code="c"> / Morán, Alberto, comp. ; Bozzini, Beatriz, comp. ; Solimano, Elsa, comp.</subfield>
    </datafield>
    <datafield tag="260" ind1=" " ind2=" ">
      <subfield code="a">Buenos Aires</subfield>
      <subfield code="b"> : Instituto Nacional de la Administración Pública, Dirección de Documentación e Información</subfield>
      <subfield code="c"> , 2005</subfield>
    </datafield>
    <datafield tag="942" ind1=" " ind2=" ">
      <subfield code="c">BK</subfield>
    </datafield>
    <datafield tag="952" ind1=" " ind2=" ">
      <subfield code="a">BIB_UARG</subfield>
      <subfield code="b">BIB_UARG</subfield>
      <subfield code="d">2006-12-19</subfield>
      <subfield code="y">BK</subfield>
      <subfield code="p">05-31064</subfield>
    </datafield>
  </record>