
  <record>
    <leader>01000aam  22002601a 4500</leader>
    <controlfield tag="001">YPZ18429</controlfield>
    <controlfield tag="003">YPZ</controlfield>
    <controlfield tag="005">200612201400030</controlfield>
    <controlfield tag="008">061220|###########||||||b||||||||||spa|d</controlfield>
    <datafield tag="020" ind1=" " ind2=" ">
      <subfield code="a">8437617006</subfield>
    </datafield>
    <datafield tag="040" ind1=" " ind2=" ">
      <subfield code="c">SIUNPA</subfield>
    </datafield>
    <datafield tag="041" ind1=" " ind2=" ">
      <subfield code="a">spa</subfield>
    </datafield>
    <datafield tag="044" ind1=" " ind2=" ">
      <subfield code="a">ES</subfield>
    </datafield>
    <datafield tag="082" ind1=" " ind2=" ">
      <subfield code="a">001.1 E184i</subfield>
    </datafield>
    <datafield tag="100" ind1=" " ind2=" ">
      <subfield code="a">Echeverría, Javier.</subfield>
    </datafield>
    <datafield tag="245" ind1=" " ind2=" ">
      <subfield code="a">Introducción a la metodología de la ciencia</subfield>
      <subfield code="b"> : la filosofía de la ciencia en el siglo XX</subfield>
    </datafield>
    <datafield tag="260" ind1=" " ind2=" ">
      <subfield code="a">Madrid</subfield>
      <subfield code="b"> : Cátedra</subfield>
      <subfield code="c"> , 1999</subfield>
    </datafield>
    <datafield tag="942" ind1=" " ind2=" ">
      <subfield code="c">BK</subfield>
    </datafield>
    <datafield tag="952" ind1=" " ind2=" ">
      <subfield code="a">BIB_UARG</subfield>
      <subfield code="b">BIB_UARG</subfield>
      <subfield code="d">2006-10-31</subfield>
      <subfield code="y">BK</subfield>
      <subfield code="p">05-31098</subfield>
    </datafield>
  </record>