
  <record>
    <leader>01000aam  22002601a 4500</leader>
    <controlfield tag="001">YPZ18433</controlfield>
    <controlfield tag="003">YPZ</controlfield>
    <controlfield tag="005">200612201531500</controlfield>
    <controlfield tag="008">061220|###########||||||b||||||||||spa|d</controlfield>
    <datafield tag="040" ind1=" " ind2=" ">
      <subfield code="c">SIUNPA</subfield>
    </datafield>
    <datafield tag="041" ind1=" " ind2=" ">
      <subfield code="a">spa</subfield>
    </datafield>
    <datafield tag="044" ind1=" " ind2=" ">
      <subfield code="a">AR</subfield>
    </datafield>
    <datafield tag="082" ind1=" " ind2=" ">
      <subfield code="a">323.282 C719i</subfield>
    </datafield>
    <datafield tag="110" ind1=" " ind2=" ">
      <subfield code="a">Coloquio Interdisciplinario de Abuelas de Plaza de Mayo (1 : Buenos Aires : 2004).</subfield>
    </datafield>
    <datafield tag="710" ind1=" " ind2=" ">
      <subfield code="a">Abuelas de Plaza de Mayo (Argentina), org..</subfield>
    </datafield>
    <datafield tag="245" ind1=" " ind2=" ">
      <subfield code="a">Identidad</subfield>
      <subfield code="b"> : construcción social y subjetividad. Primer coloquio interdisciplinario de Abuelas de Plaza de Mayo</subfield>
    </datafield>
    <datafield tag="260" ind1=" " ind2=" ">
      <subfield code="a">Buenos Aires</subfield>
      <subfield code="b"> : Abuelas de Plaza de Mayo</subfield>
      <subfield code="b"> : CONADI</subfield>
      <subfield code="c"> , [2004]</subfield>
    </datafield>
    <datafield tag="942" ind1=" " ind2=" ">
      <subfield code="c">BK</subfield>
    </datafield>
    <datafield tag="952" ind1=" " ind2=" ">
      <subfield code="a">BIB_UASJ</subfield>
      <subfield code="b">BIB_UASJ</subfield>
      <subfield code="d">2007-09-10</subfield>
      <subfield code="y">BK</subfield>
      <subfield code="p">04-33259</subfield>
    </datafield>
    <datafield tag="952" ind1=" " ind2=" ">
      <subfield code="a">BIB_UARG</subfield>
      <subfield code="b">BIB_UARG</subfield>
      <subfield code="d">2006-10-31</subfield>
      <subfield code="y">BK</subfield>
      <subfield code="p">05-31083</subfield>
    </datafield>
    <datafield tag="952" ind1=" " ind2=" ">
      <subfield code="a">BIB_UARG</subfield>
      <subfield code="b">BIB_UARG</subfield>
      <subfield code="d">2006-10-31</subfield>
      <subfield code="y">BK</subfield>
      <subfield code="p">05-31084</subfield>
    </datafield>
    <datafield tag="952" ind1=" " ind2=" ">
      <subfield code="a">BIB_UARG</subfield>
      <subfield code="b">BIB_UARG</subfield>
      <subfield code="d">2006-10-31</subfield>
      <subfield code="y">BK</subfield>
      <subfield code="p">05-31085</subfield>
    </datafield>
  </record>