
  <record>
    <leader>01000aam  22002601a 4500</leader>
    <controlfield tag="001">YPZ18434</controlfield>
    <controlfield tag="003">YPZ</controlfield>
    <controlfield tag="005">200612201559420</controlfield>
    <controlfield tag="008">061220|###########||||||b||||||||||spa|d</controlfield>
    <datafield tag="020" ind1=" " ind2=" ">
      <subfield code="a">9213225814</subfield>
    </datafield>
    <datafield tag="040" ind1=" " ind2=" ">
      <subfield code="c">SIUNPA</subfield>
    </datafield>
    <datafield tag="041" ind1=" " ind2=" ">
      <subfield code="a">spa</subfield>
    </datafield>
    <datafield tag="044" ind1=" " ind2=" ">
      <subfield code="a">AR</subfield>
    </datafield>
    <datafield tag="082" ind1=" " ind2=" ">
      <subfield code="a">572.02 B446e</subfield>
    </datafield>
    <datafield tag="100" ind1=" " ind2=" ">
      <subfield code="a">Bello, Álvaro.</subfield>
    </datafield>
    <datafield tag="245" ind1=" " ind2=" ">
      <subfield code="a">Etnicidad y ciudadanía en América Latina</subfield>
      <subfield code="b"> : la acción colectiva de los pueblos indígenas</subfield>
    </datafield>
    <datafield tag="260" ind1=" " ind2=" ">
      <subfield code="a">Santiago de Chile</subfield>
      <subfield code="b"> : Comisión Económica para América Latina y El Caribe</subfield>
      <subfield code="c"> , 2004</subfield>
    </datafield>
    <datafield tag="440" ind1=" " ind2=" ">
      <subfield code="a">Biblioteca didáctica</subfield>
      <subfield code="a">Biblioteca didáctica</subfield>
      <subfield code="a">Colección teorema. Serie mayor</subfield>
      <subfield code="a">Colección arte-ciencia. Serie Jujuy en el presente</subfield>
      <subfield code="a">Libros de la CEPAL</subfield>
      <subfield code="v">79</subfield>
    </datafield>
    <datafield tag="490" ind1=" " ind2=" ">
      <subfield code="a">Biblioteca didáctica</subfield>
      <subfield code="a">Biblioteca didáctica</subfield>
      <subfield code="a">Colección teorema. Serie mayor</subfield>
      <subfield code="a">Colección arte-ciencia. Serie Jujuy en el presente</subfield>
      <subfield code="a">Libros de la CEPAL</subfield>
      <subfield code="v">79</subfield>
    </datafield>
    <datafield tag="942" ind1=" " ind2=" ">
      <subfield code="c">BK</subfield>
    </datafield>
    <datafield tag="952" ind1=" " ind2=" ">
      <subfield code="a">BIB_UARG</subfield>
      <subfield code="b">BIB_UARG</subfield>
      <subfield code="d">2006-10-31</subfield>
      <subfield code="y">BK</subfield>
      <subfield code="p">05-31074</subfield>
    </datafield>
  </record>