
  <record>
    <leader>01000aam  22002601a 4500</leader>
    <controlfield tag="001">YPZ18521</controlfield>
    <controlfield tag="003">YPZ</controlfield>
    <controlfield tag="005">200702081402180</controlfield>
    <controlfield tag="008">070208|###########||||||b||||||||||spa|d</controlfield>
    <datafield tag="020" ind1=" " ind2=" ">
      <subfield code="a">8472328309</subfield>
    </datafield>
    <datafield tag="040" ind1=" " ind2=" ">
      <subfield code="c">SIUNPA</subfield>
    </datafield>
    <datafield tag="041" ind1=" " ind2=" ">
      <subfield code="a">spa</subfield>
    </datafield>
    <datafield tag="044" ind1=" " ind2=" ">
      <subfield code="a">ES</subfield>
    </datafield>
    <datafield tag="082" ind1=" " ind2=" ">
      <subfield code="a">94(729.1) C157m</subfield>
    </datafield>
    <datafield tag="100" ind1=" " ind2=" ">
      <subfield code="a">Calleja Leal, Guillermo.</subfield>
    </datafield>
    <datafield tag="700" ind1=" " ind2=" ">
      <subfield code="a">O'Donnell, Hugo.</subfield>
    </datafield>
    <datafield tag="245" ind1=" " ind2=" ">
      <subfield code="a">1762. La Habana inglesa</subfield>
      <subfield code="b"> : la toma de La Habana por los ingleses</subfield>
    </datafield>
    <datafield tag="260" ind1=" " ind2=" ">
      <subfield code="a">Madrid</subfield>
      <subfield code="b"> : Ediciones de Cultura Hispánica</subfield>
      <subfield code="c"> , 1999</subfield>
    </datafield>
    <datafield tag="942" ind1=" " ind2=" ">
      <subfield code="c">BK</subfield>
    </datafield>
    <datafield tag="952" ind1=" " ind2=" ">
      <subfield code="a">BIB_UARG</subfield>
      <subfield code="b">BIB_UARG</subfield>
      <subfield code="d">2006-03-22</subfield>
      <subfield code="y">BK</subfield>
      <subfield code="p">05-30087</subfield>
    </datafield>
    <datafield tag="952" ind1=" " ind2=" ">
      <subfield code="a">BIB_UARG</subfield>
      <subfield code="b">BIB_UARG</subfield>
      <subfield code="d">2006-03-22</subfield>
      <subfield code="y">BK</subfield>
      <subfield code="p">05-30088</subfield>
    </datafield>
  </record>