
  <record>
    <leader>01000aam  22002601a 4500</leader>
    <controlfield tag="001">YPZ18533</controlfield>
    <controlfield tag="003">YPZ</controlfield>
    <controlfield tag="005">200702091433350</controlfield>
    <controlfield tag="008">070209|###########||||||b||||||||||spa|d</controlfield>
    <datafield tag="020" ind1=" " ind2=" ">
      <subfield code="a">8487661971</subfield>
    </datafield>
    <datafield tag="040" ind1=" " ind2=" ">
      <subfield code="c">SIUNPA</subfield>
    </datafield>
    <datafield tag="041" ind1=" " ind2=" ">
      <subfield code="a">spa</subfield>
    </datafield>
    <datafield tag="044" ind1=" " ind2=" ">
      <subfield code="a">ES</subfield>
    </datafield>
    <datafield tag="082" ind1=" " ind2=" ">
      <subfield code="a">910.4 N976n</subfield>
    </datafield>
    <datafield tag="245" ind1=" " ind2=" ">
      <subfield code="a">Nutka 1792</subfield>
      <subfield code="b"> : viaje a la cosa noroeste de la América septentrional por Juan Francisco de la Bodega y Quadra, del orden de Santiago, capitán de navío de la Real Armada y Comandante del Departamento de San Blas, en las fragatas de su mando Santa Gertrudis, Aránzazu, Princesa y Goleta activa. Año de 1792</subfield>
      <subfield code="c"> / Palau, Mercedes, ed. ; Tovell, Freeman, ed. ; Sprätz, Pamela, ed. ; Inglis, Robin, ed.</subfield>
    </datafield>
    <datafield tag="260" ind1=" " ind2=" ">
      <subfield code="a">Madrid</subfield>
      <subfield code="b"> : Ministerio de Asuntos Exteriores, Dirección General de Relaciones Culturales y Científicas</subfield>
      <subfield code="c"> , 1998</subfield>
    </datafield>
    <datafield tag="942" ind1=" " ind2=" ">
      <subfield code="c">BK</subfield>
    </datafield>
    <datafield tag="952" ind1=" " ind2=" ">
      <subfield code="a">BIB_UARG</subfield>
      <subfield code="b">BIB_UARG</subfield>
      <subfield code="d">2006-03-22</subfield>
      <subfield code="y">BK</subfield>
      <subfield code="p">05-30055</subfield>
    </datafield>
  </record>