
  <record>
    <leader>01000aam  22002601a 4500</leader>
    <controlfield tag="001">YPZ18535</controlfield>
    <controlfield tag="003">YPZ</controlfield>
    <controlfield tag="005">200702091444480</controlfield>
    <controlfield tag="008">070209|###########||||||b||||||||||spa|d</controlfield>
    <datafield tag="040" ind1=" " ind2=" ">
      <subfield code="c">SIUNPA</subfield>
    </datafield>
    <datafield tag="041" ind1=" " ind2=" ">
      <subfield code="a">spa</subfield>
    </datafield>
    <datafield tag="044" ind1=" " ind2=" ">
      <subfield code="a">AR</subfield>
    </datafield>
    <datafield tag="082" ind1=" " ind2=" ">
      <subfield code="a">94(826.9) Z54c</subfield>
    </datafield>
    <datafield tag="100" ind1=" " ind2=" ">
      <subfield code="a">Zenarruza, Jorge G.C..</subfield>
    </datafield>
    <datafield tag="245" ind1=" " ind2=" ">
      <subfield code="a">Crónicas</subfield>
      <subfield code="b"> : (útiles para una futura historia de Jujuy, estado federal argentino)</subfield>
    </datafield>
    <datafield tag="260" ind1=" " ind2=" ">
      <subfield code="a">Buenos Aires</subfield>
      <subfield code="b"> : Instituto de Estudios Iberoamericanos</subfield>
      <subfield code="c"> , 1994</subfield>
    </datafield>
    <datafield tag="440" ind1=" " ind2=" ">
      <subfield code="a">Psicología y educación. Ensayo</subfield>
      <subfield code="a">Contrapuntos</subfield>
      <subfield code="a">Programa EUDEBA-CEA</subfield>
      <subfield code="a">Psicoteca mayor</subfield>
      <subfield code="a">Historia</subfield>
      <subfield code="a">Ensayo</subfield>
      <subfield code="a">Historia</subfield>
      <subfield code="a">Historia</subfield>
      <subfield code="a">Medio Ambiente</subfield>
      <subfield code="a">Medio Ambiente</subfield>
      <subfield code="a">Serie história / Instituto de Estudios Iberoamericanos</subfield>
      <subfield code="v">9</subfield>
    </datafield>
    <datafield tag="490" ind1=" " ind2=" ">
      <subfield code="a">Psicología y educación. Ensayo</subfield>
      <subfield code="a">Contrapuntos</subfield>
      <subfield code="a">Programa EUDEBA-CEA</subfield>
      <subfield code="a">Psicoteca mayor</subfield>
      <subfield code="a">Historia</subfield>
      <subfield code="a">Ensayo</subfield>
      <subfield code="a">Historia</subfield>
      <subfield code="a">Historia</subfield>
      <subfield code="a">Medio Ambiente</subfield>
      <subfield code="a">Medio Ambiente</subfield>
      <subfield code="a">Serie história / Instituto de Estudios Iberoamericanos</subfield>
      <subfield code="v">9</subfield>
    </datafield>
    <datafield tag="942" ind1=" " ind2=" ">
      <subfield code="c">BK</subfield>
    </datafield>
    <datafield tag="952" ind1=" " ind2=" ">
      <subfield code="a">BIB_UARG</subfield>
      <subfield code="b">BIB_UARG</subfield>
      <subfield code="d">2006-03-22</subfield>
      <subfield code="y">BK</subfield>
      <subfield code="p">05-30060</subfield>
    </datafield>
    <datafield tag="952" ind1=" " ind2=" ">
      <subfield code="a">BIB_UARG</subfield>
      <subfield code="b">BIB_UARG</subfield>
      <subfield code="d">2006-03-22</subfield>
      <subfield code="y">BK</subfield>
      <subfield code="p">05-30061</subfield>
    </datafield>
    <datafield tag="952" ind1=" " ind2=" ">
      <subfield code="a">BIB_UARG</subfield>
      <subfield code="b">BIB_UARG</subfield>
      <subfield code="d">2004-03-22</subfield>
      <subfield code="y">BK</subfield>
      <subfield code="p">05-30062</subfield>
    </datafield>
  </record>