
  <record>
    <leader>01000aam  22002601a 4500</leader>
    <controlfield tag="001">YPZ18545</controlfield>
    <controlfield tag="003">YPZ</controlfield>
    <controlfield tag="005">200702131600170</controlfield>
    <controlfield tag="008">070213|###########||||||b||||||||||spa|d</controlfield>
    <datafield tag="040" ind1=" " ind2=" ">
      <subfield code="c">SIUNPA</subfield>
    </datafield>
    <datafield tag="041" ind1=" " ind2=" ">
      <subfield code="a">spa</subfield>
    </datafield>
    <datafield tag="044" ind1=" " ind2=" ">
      <subfield code="a">AR</subfield>
    </datafield>
    <datafield tag="082" ind1=" " ind2=" ">
      <subfield code="a">821.134.2(82) L486l</subfield>
    </datafield>
    <datafield tag="245" ind1=" " ind2=" ">
      <subfield code="a">Leer la Argentina</subfield>
      <subfield code="c"> / Bialet, Graciela, comp. ; Giardinelli, Mempo, comp.</subfield>
    </datafield>
    <datafield tag="260" ind1=" " ind2=" ">
      <subfield code="a">Burnos Aires</subfield>
      <subfield code="b"> : Fundación Mempo Giardinelli</subfield>
      <subfield code="b"> : Ministerio de Educación, Ciencia y Tecnología</subfield>
      <subfield code="c"> , 2005</subfield>
    </datafield>
    <datafield tag="942" ind1=" " ind2=" ">
      <subfield code="c">BK</subfield>
    </datafield>
    <datafield tag="952" ind1=" " ind2=" ">
      <subfield code="a">BIB_UACO</subfield>
      <subfield code="b">BIB_UACO</subfield>
      <subfield code="d">2016-06-07</subfield>
      <subfield code="y">BK</subfield>
      <subfield code="p">02-48034</subfield>
    </datafield>
    <datafield tag="952" ind1=" " ind2=" ">
      <subfield code="a">BIB_UACO</subfield>
      <subfield code="b">BIB_UACO</subfield>
      <subfield code="d">2016-06-07</subfield>
      <subfield code="y">BK</subfield>
      <subfield code="p">02-48035</subfield>
    </datafield>
    <datafield tag="952" ind1=" " ind2=" ">
      <subfield code="a">BIB_UACO</subfield>
      <subfield code="b">BIB_UACO</subfield>
      <subfield code="d">2016-06-03</subfield>
      <subfield code="y">BK</subfield>
      <subfield code="p">02-48036</subfield>
    </datafield>
    <datafield tag="952" ind1=" " ind2=" ">
      <subfield code="a">BIB_UACO</subfield>
      <subfield code="b">BIB_UACO</subfield>
      <subfield code="d">2016-06-03</subfield>
      <subfield code="y">BK</subfield>
      <subfield code="p">02-48037</subfield>
    </datafield>
    <datafield tag="952" ind1=" " ind2=" ">
      <subfield code="a">BIB_UACO</subfield>
      <subfield code="b">BIB_UACO</subfield>
      <subfield code="d">2016-06-03</subfield>
      <subfield code="y">BK</subfield>
      <subfield code="p">02-48038</subfield>
    </datafield>
    <datafield tag="952" ind1=" " ind2=" ">
      <subfield code="a">BIB_UACO</subfield>
      <subfield code="b">BIB_UACO</subfield>
      <subfield code="d">2016-06-03</subfield>
      <subfield code="y">BK</subfield>
      <subfield code="p">02-48039</subfield>
    </datafield>
    <datafield tag="952" ind1=" " ind2=" ">
      <subfield code="a">BIB_UACO</subfield>
      <subfield code="b">BIB_UACO</subfield>
      <subfield code="d">2016-06-03</subfield>
      <subfield code="y">BK</subfield>
      <subfield code="p">02-48040</subfield>
    </datafield>
    <datafield tag="952" ind1=" " ind2=" ">
      <subfield code="a">BIB_UASJ</subfield>
      <subfield code="b">BIB_UASJ</subfield>
      <subfield code="d">2006-09-22</subfield>
      <subfield code="y">BK</subfield>
      <subfield code="p">04-30906</subfield>
    </datafield>
    <datafield tag="952" ind1=" " ind2=" ">
      <subfield code="a">BIB_UASJ</subfield>
      <subfield code="b">BIB_UASJ</subfield>
      <subfield code="d">2006-09-22</subfield>
      <subfield code="y">BK</subfield>
      <subfield code="p">04-30907</subfield>
    </datafield>
    <datafield tag="952" ind1=" " ind2=" ">
      <subfield code="a">BIB_UASJ</subfield>
      <subfield code="b">BIB_UASJ</subfield>
      <subfield code="d">2006-09-22</subfield>
      <subfield code="y">BK</subfield>
      <subfield code="p">04-30908</subfield>
    </datafield>
    <datafield tag="952" ind1=" " ind2=" ">
      <subfield code="a">BIB_UASJ</subfield>
      <subfield code="b">BIB_UASJ</subfield>
      <subfield code="d">2006-09-22</subfield>
      <subfield code="y">BK</subfield>
      <subfield code="p">04-30909</subfield>
    </datafield>
    <datafield tag="952" ind1=" " ind2=" ">
      <subfield code="a">BIB_UASJ</subfield>
      <subfield code="b">BIB_UASJ</subfield>
      <subfield code="d">2006-09-22</subfield>
      <subfield code="y">BK</subfield>
      <subfield code="p">04-30910</subfield>
    </datafield>
    <datafield tag="952" ind1=" " ind2=" ">
      <subfield code="a">BIB_UASJ</subfield>
      <subfield code="b">BIB_UASJ</subfield>
      <subfield code="d">2006-09-22</subfield>
      <subfield code="y">BK</subfield>
      <subfield code="p">04-30911</subfield>
    </datafield>
    <datafield tag="952" ind1=" " ind2=" ">
      <subfield code="a">BIB_UASJ</subfield>
      <subfield code="b">BIB_UASJ</subfield>
      <subfield code="d">2006-09-22</subfield>
      <subfield code="y">BK</subfield>
      <subfield code="p">04-30912</subfield>
    </datafield>
  </record>