
  <record>
    <leader>01000aam  22002601a 4500</leader>
    <controlfield tag="001">YPZ18582</controlfield>
    <controlfield tag="003">YPZ</controlfield>
    <controlfield tag="005">200702151624060</controlfield>
    <controlfield tag="008">070215|###########||||||b||||||||||spa|d</controlfield>
    <datafield tag="020" ind1=" " ind2=" ">
      <subfield code="a">950102659</subfield>
    </datafield>
    <datafield tag="040" ind1=" " ind2=" ">
      <subfield code="c">SIUNPA</subfield>
    </datafield>
    <datafield tag="041" ind1=" " ind2=" ">
      <subfield code="a">spa</subfield>
    </datafield>
    <datafield tag="044" ind1=" " ind2=" ">
      <subfield code="a">AR</subfield>
    </datafield>
    <datafield tag="082" ind1=" " ind2=" ">
      <subfield code="a">821.134.2(82) C221j</subfield>
    </datafield>
    <datafield tag="100" ind1=" " ind2=" ">
      <subfield code="a">Cané, Miguel.</subfield>
    </datafield>
    <datafield tag="245" ind1=" " ind2=" ">
      <subfield code="a">Juvenilia</subfield>
      <subfield code="c"> / Pellegrini, Juan Carlos, introd., notas y vocabulario</subfield>
    </datafield>
    <datafield tag="250" ind1=" " ind2=" ">
      <subfield code="a">6a ed.</subfield>
    </datafield>
    <datafield tag="260" ind1=" " ind2=" ">
      <subfield code="a">Buenos Aires</subfield>
      <subfield code="b"> : Huemul</subfield>
      <subfield code="c"> , 1993</subfield>
    </datafield>
    <datafield tag="440" ind1=" " ind2=" ">
      <subfield code="a">Historia</subfield>
      <subfield code="a">Historia</subfield>
      <subfield code="a">Archivos</subfield>
      <subfield code="a">Colección clásicos Huemul</subfield>
      <subfield code="v">016</subfield>
    </datafield>
    <datafield tag="490" ind1=" " ind2=" ">
      <subfield code="a">Historia</subfield>
      <subfield code="a">Historia</subfield>
      <subfield code="a">Archivos</subfield>
      <subfield code="a">Colección clásicos Huemul</subfield>
      <subfield code="v">016</subfield>
    </datafield>
    <datafield tag="500" ind1=" " ind2=" ">
      <subfield code="a">Con un estudio sobre La Chacarita de los Colegiales y la quinta de Los Vascos por el ing. Héctor Ottonello</subfield>
    </datafield>
    <datafield tag="942" ind1=" " ind2=" ">
      <subfield code="c">BK</subfield>
    </datafield>
    <datafield tag="952" ind1=" " ind2=" ">
      <subfield code="a">BIB_UARG</subfield>
      <subfield code="b">BIB_UARG</subfield>
      <subfield code="d">2006-10-17</subfield>
      <subfield code="y">BK</subfield>
      <subfield code="p">05-31029</subfield>
    </datafield>
  </record>