
  <record>
    <leader>01000aam  22002601a 4500</leader>
    <controlfield tag="001">YPZ18603</controlfield>
    <controlfield tag="003">YPZ</controlfield>
    <controlfield tag="005">200702191028370</controlfield>
    <controlfield tag="008">070219|###########||||||b||||||||||spa|d</controlfield>
    <datafield tag="040" ind1=" " ind2=" ">
      <subfield code="c">SIUNPA</subfield>
    </datafield>
    <datafield tag="041" ind1=" " ind2=" ">
      <subfield code="a">spa</subfield>
    </datafield>
    <datafield tag="044" ind1=" " ind2=" ">
      <subfield code="a">AR</subfield>
    </datafield>
    <datafield tag="082" ind1=" " ind2=" ">
      <subfield code="a">341.231.14 C977o</subfield>
    </datafield>
    <datafield tag="110" ind1=" " ind2=" ">
      <subfield code="a">Curso Interdisciplinario en Derechos Humanos (6 : 1988 : Costa Rica).</subfield>
    </datafield>
    <datafield tag="245" ind1=" " ind2=" ">
      <subfield code="a">Orden económico y derechos humanos</subfield>
    </datafield>
    <datafield tag="260" ind1=" " ind2=" ">
      <subfield code="a">Buenos Aires</subfield>
      <subfield code="b"> : Asamblea Permanente por los Derechos Humanos</subfield>
      <subfield code="c"> , 1989</subfield>
    </datafield>
    <datafield tag="500" ind1=" " ind2=" ">
      <subfield code="a">Otro subt.: Deuda externa. Derecho al desarrollo. Nuevo orden económico internacional</subfield>
    </datafield>
    <datafield tag="500" ind1=" " ind2=" ">
      <subfield code="a">Conclusiones del Taller 5 del VI Curso Interdisciplinario en Derechos Humanos</subfield>
    </datafield>
    <datafield tag="942" ind1=" " ind2=" ">
      <subfield code="c">BK</subfield>
    </datafield>
    <datafield tag="952" ind1=" " ind2=" ">
      <subfield code="a">BIB_UASJ</subfield>
      <subfield code="b">BIB_UASJ</subfield>
      <subfield code="d">2007-09-10</subfield>
      <subfield code="y">BK</subfield>
      <subfield code="p">04-33258</subfield>
    </datafield>
    <datafield tag="952" ind1=" " ind2=" ">
      <subfield code="a">BIB_UARG</subfield>
      <subfield code="b">BIB_UARG</subfield>
      <subfield code="d">2006-10-17</subfield>
      <subfield code="y">BK</subfield>
      <subfield code="p">05-31023</subfield>
    </datafield>
  </record>