
  <record>
    <leader>01000aam  22002601a 4500</leader>
    <controlfield tag="001">YPZ18610</controlfield>
    <controlfield tag="003">YPZ</controlfield>
    <controlfield tag="005">200702191942140</controlfield>
    <controlfield tag="008">070219|###########||||||b||||||||||spa|d</controlfield>
    <datafield tag="040" ind1=" " ind2=" ">
      <subfield code="c">SIUNPA</subfield>
    </datafield>
    <datafield tag="041" ind1=" " ind2=" ">
      <subfield code="a">spa</subfield>
    </datafield>
    <datafield tag="044" ind1=" " ind2=" ">
      <subfield code="a">AR</subfield>
    </datafield>
    <datafield tag="082" ind1=" " ind2=" ">
      <subfield code="a">376 S471s</subfield>
    </datafield>
    <datafield tag="110" ind1=" " ind2=" ">
      <subfield code="a">Seminario - Taller Integrar, Integrarse e Integración (2002 : Puerto San Julián).</subfield>
    </datafield>
    <datafield tag="245" ind1=" " ind2=" ">
      <subfield code="a">Seminario - taller integrar, integrarse e integración</subfield>
    </datafield>
    <datafield tag="260" ind1=" " ind2=" ">
      <subfield code="a">[Puerto San Julián]</subfield>
      <subfield code="b"> : Unidad Académica San Julián, UNPA</subfield>
      <subfield code="c"> , 2002</subfield>
    </datafield>
    <datafield tag="500" ind1=" " ind2=" ">
      <subfield code="a">Para alumnos de la carrera del profesorado del 1º y 2º ciclo  EGB</subfield>
    </datafield>
    <datafield tag="942" ind1=" " ind2=" ">
      <subfield code="c">BK</subfield>
    </datafield>
    <datafield tag="952" ind1=" " ind2=" ">
      <subfield code="a">BIB_UASJ</subfield>
      <subfield code="b">BIB_UASJ</subfield>
      <subfield code="d">2006-05-16</subfield>
      <subfield code="y">BK</subfield>
      <subfield code="p">04-30940</subfield>
    </datafield>
  </record>