
  <record>
    <leader>01000aam  22002601a 4500</leader>
    <controlfield tag="001">YPZ18664</controlfield>
    <controlfield tag="003">YPZ</controlfield>
    <controlfield tag="005">200702261536370</controlfield>
    <controlfield tag="008">070226|###########||||||b||||||||||spa|d</controlfield>
    <datafield tag="020" ind1=" " ind2=" ">
      <subfield code="a">9509779695</subfield>
    </datafield>
    <datafield tag="040" ind1=" " ind2=" ">
      <subfield code="c">SIUNPA</subfield>
    </datafield>
    <datafield tag="041" ind1=" " ind2=" ">
      <subfield code="a">spa</subfield>
    </datafield>
    <datafield tag="044" ind1=" " ind2=" ">
      <subfield code="a">AR</subfield>
    </datafield>
    <datafield tag="082" ind1=" " ind2=" ">
      <subfield code="a">14 F762o</subfield>
    </datafield>
    <datafield tag="100" ind1=" " ind2=" ">
      <subfield code="a">Foucault, Michel.</subfield>
    </datafield>
    <datafield tag="245" ind1=" " ind2=" ">
      <subfield code="a">El orden del discurso</subfield>
      <subfield code="c"> / González Troyano, Alberto, tr.</subfield>
    </datafield>
    <datafield tag="250" ind1=" " ind2=" ">
      <subfield code="a">1a ed., 1a reimpr.</subfield>
    </datafield>
    <datafield tag="260" ind1=" " ind2=" ">
      <subfield code="a">Buenos Aires</subfield>
      <subfield code="b"> : Tusquets</subfield>
      <subfield code="c"> , 2005</subfield>
    </datafield>
    <datafield tag="440" ind1=" " ind2=" ">
      <subfield code="a">Literatura actual</subfield>
      <subfield code="a">Programa de Transformación de la Formación Docente, PTFD</subfield>
      <subfield code="a">Psicología contemporánea</subfield>
      <subfield code="a">Taurus pensamiento</subfield>
      <subfield code="a">Programa de Transformación de la Formación Docente, PTFD</subfield>
      <subfield code="a">Programa de Transformación de la Formación Docente, PTFD</subfield>
      <subfield code="a">Programa de Transformación de la Formación Docente, PTFD</subfield>
      <subfield code="a">Programa de Transformación de la Formación Docente, PTFD</subfield>
      <subfield code="a">Fábula</subfield>
      <subfield code="v">126</subfield>
    </datafield>
    <datafield tag="490" ind1=" " ind2=" ">
      <subfield code="a">Literatura actual</subfield>
      <subfield code="a">Programa de Transformación de la Formación Docente, PTFD</subfield>
      <subfield code="a">Psicología contemporánea</subfield>
      <subfield code="a">Taurus pensamiento</subfield>
      <subfield code="a">Programa de Transformación de la Formación Docente, PTFD</subfield>
      <subfield code="a">Programa de Transformación de la Formación Docente, PTFD</subfield>
      <subfield code="a">Programa de Transformación de la Formación Docente, PTFD</subfield>
      <subfield code="a">Programa de Transformación de la Formación Docente, PTFD</subfield>
      <subfield code="a">Fábula</subfield>
      <subfield code="v">126</subfield>
    </datafield>
    <datafield tag="942" ind1=" " ind2=" ">
      <subfield code="c">BK</subfield>
    </datafield>
    <datafield tag="952" ind1=" " ind2=" ">
      <subfield code="a">BIB_UARG</subfield>
      <subfield code="b">BIB_UARG</subfield>
      <subfield code="d">2007-02-20</subfield>
      <subfield code="y">BK</subfield>
      <subfield code="p">05-31130</subfield>
    </datafield>
  </record>