
  <record>
    <leader>01000aam  22002601a 4500</leader>
    <controlfield tag="001">YPZ18676</controlfield>
    <controlfield tag="003">YPZ</controlfield>
    <controlfield tag="005">200702261855360</controlfield>
    <controlfield tag="008">070226|###########||||||b||||||||||spa|d</controlfield>
    <datafield tag="020" ind1=" " ind2=" ">
      <subfield code="a">8474322324</subfield>
    </datafield>
    <datafield tag="040" ind1=" " ind2=" ">
      <subfield code="c">SIUNPA</subfield>
    </datafield>
    <datafield tag="041" ind1=" " ind2=" ">
      <subfield code="a">spa</subfield>
    </datafield>
    <datafield tag="044" ind1=" " ind2=" ">
      <subfield code="a">ES</subfield>
    </datafield>
    <datafield tag="082" ind1=" " ind2=" ">
      <subfield code="a">37.015.3 G216q</subfield>
    </datafield>
    <datafield tag="100" ind1=" " ind2=" ">
      <subfield code="a">García Márquez, Nélida.</subfield>
    </datafield>
    <datafield tag="245" ind1=" " ind2=" ">
      <subfield code="a">Quiero aprender, dame la oportunidad</subfield>
      <subfield code="b"> : propuesta teórica y práctica para resolver las dificultades en el aprendizaje escolar</subfield>
    </datafield>
    <datafield tag="250" ind1=" " ind2=" ">
      <subfield code="a">1a ed., 2a reimpr.</subfield>
    </datafield>
    <datafield tag="260" ind1=" " ind2=" ">
      <subfield code="a">Barcelona</subfield>
      <subfield code="b"> : Gedisa</subfield>
      <subfield code="c"> , 2000</subfield>
    </datafield>
    <datafield tag="440" ind1=" " ind2=" ">
      <subfield code="a">Colección Biblioteca de ciencias sociales</subfield>
      <subfield code="a">Programa de Transformación de la Formación Docente, PTFD</subfield>
      <subfield code="a">Programa de Transformación de la Formación Docente, PTFD</subfield>
      <subfield code="a">Programa de Transformación de la Formación Docente, PTFD</subfield>
      <subfield code="a">Ariel sociedad económica</subfield>
      <subfield code="a">Historia y cultura</subfield>
      <subfield code="a">Ariel Educación</subfield>
      <subfield code="a">Biblioteca de educación. Serie renovación pedagógica</subfield>
      <subfield code="v">17</subfield>
    </datafield>
    <datafield tag="490" ind1=" " ind2=" ">
      <subfield code="a">Colección Biblioteca de ciencias sociales</subfield>
      <subfield code="a">Programa de Transformación de la Formación Docente, PTFD</subfield>
      <subfield code="a">Programa de Transformación de la Formación Docente, PTFD</subfield>
      <subfield code="a">Programa de Transformación de la Formación Docente, PTFD</subfield>
      <subfield code="a">Ariel sociedad económica</subfield>
      <subfield code="a">Historia y cultura</subfield>
      <subfield code="a">Ariel Educación</subfield>
      <subfield code="a">Biblioteca de educación. Serie renovación pedagógica</subfield>
      <subfield code="v">17</subfield>
    </datafield>
    <datafield tag="942" ind1=" " ind2=" ">
      <subfield code="c">BK</subfield>
    </datafield>
    <datafield tag="952" ind1=" " ind2=" ">
      <subfield code="a">BIB_UARG</subfield>
      <subfield code="b">BIB_UARG</subfield>
      <subfield code="d">2007-02-20</subfield>
      <subfield code="y">BK</subfield>
      <subfield code="p">05-31168</subfield>
    </datafield>
  </record>