
  <record>
    <leader>01000aam  22002601a 4500</leader>
    <controlfield tag="001">YPZ18710</controlfield>
    <controlfield tag="003">YPZ</controlfield>
    <controlfield tag="005">200703011706220</controlfield>
    <controlfield tag="008">070301|###########||||||b||||||||||spa|d</controlfield>
    <datafield tag="020" ind1=" " ind2=" ">
      <subfield code="a">8483074540</subfield>
    </datafield>
    <datafield tag="040" ind1=" " ind2=" ">
      <subfield code="c">SIUNPA</subfield>
    </datafield>
    <datafield tag="041" ind1=" " ind2=" ">
      <subfield code="a">spa</subfield>
    </datafield>
    <datafield tag="044" ind1=" " ind2=" ">
      <subfield code="a">ES</subfield>
    </datafield>
    <datafield tag="082" ind1=" " ind2=" ">
      <subfield code="a">111.821 V352a</subfield>
    </datafield>
    <datafield tag="100" ind1=" " ind2=" ">
      <subfield code="a">Vattimo, Gianni.</subfield>
    </datafield>
    <datafield tag="245" ind1=" " ind2=" ">
      <subfield code="a">Las aventuras de la diferencia</subfield>
      <subfield code="b"> : pensar después de Nietzsche y Heidegger</subfield>
      <subfield code="c"> / Gentile, Juan Carlos, tr.</subfield>
    </datafield>
    <datafield tag="250" ind1=" " ind2=" ">
      <subfield code="a">1a ed.</subfield>
    </datafield>
    <datafield tag="260" ind1=" " ind2=" ">
      <subfield code="a">Barcelona</subfield>
      <subfield code="b"> : Península</subfield>
      <subfield code="c"> , 2002</subfield>
    </datafield>
    <datafield tag="440" ind1=" " ind2=" ">
      <subfield code="a">Colección de Ciencias Sociales</subfield>
      <subfield code="a">Filosofía / Amorrortu</subfield>
      <subfield code="a">Derechos humanos</subfield>
      <subfield code="a">Filosofía y pensamiento</subfield>
      <subfield code="a">Serie estudios sociales</subfield>
      <subfield code="a">Ediciones de bolsillo / Península</subfield>
      <subfield code="v">49-2</subfield>
    </datafield>
    <datafield tag="490" ind1=" " ind2=" ">
      <subfield code="a">Colección de Ciencias Sociales</subfield>
      <subfield code="a">Filosofía / Amorrortu</subfield>
      <subfield code="a">Derechos humanos</subfield>
      <subfield code="a">Filosofía y pensamiento</subfield>
      <subfield code="a">Serie estudios sociales</subfield>
      <subfield code="a">Ediciones de bolsillo / Península</subfield>
      <subfield code="v">49-2</subfield>
    </datafield>
    <datafield tag="942" ind1=" " ind2=" ">
      <subfield code="c">BK</subfield>
    </datafield>
    <datafield tag="952" ind1=" " ind2=" ">
      <subfield code="a">BIB_UARG</subfield>
      <subfield code="b">BIB_UARG</subfield>
      <subfield code="d">2007-02-20</subfield>
      <subfield code="y">BK</subfield>
      <subfield code="p">05-31150</subfield>
    </datafield>
  </record>