
  <record>
    <leader>01000aam  22002601a 4500</leader>
    <controlfield tag="001">YPZ18731</controlfield>
    <controlfield tag="003">YPZ</controlfield>
    <controlfield tag="005">200703051533500</controlfield>
    <controlfield tag="008">070305|###########||||||b||||||||||spa|d</controlfield>
    <datafield tag="020" ind1=" " ind2=" ">
      <subfield code="a">9500713853 (o.c.)</subfield>
    </datafield>
    <datafield tag="020" ind1=" " ind2=" ">
      <subfield code="a">9500723441</subfield>
    </datafield>
    <datafield tag="040" ind1=" " ind2=" ">
      <subfield code="c">SIUNPA</subfield>
    </datafield>
    <datafield tag="041" ind1=" " ind2=" ">
      <subfield code="a">spa</subfield>
    </datafield>
    <datafield tag="044" ind1=" " ind2=" ">
      <subfield code="a">AR</subfield>
    </datafield>
    <datafield tag="082" ind1=" " ind2=" ">
      <subfield code="a">94(82) N962n v.9</subfield>
    </datafield>
    <datafield tag="245" ind1=" " ind2=" ">
      <subfield code="a">Violencia, proscripción y autoritarismo (1955-1976)</subfield>
      <subfield code="c"> / James, Daniel, dir. de tomo</subfield>
    </datafield>
    <datafield tag="260" ind1=" " ind2=" ">
      <subfield code="a">Buenos Aires</subfield>
      <subfield code="b"> : Sudamericana</subfield>
      <subfield code="c"> , 2003</subfield>
    </datafield>
    <datafield tag="440" ind1=" " ind2=" ">
      <subfield code="a">Colección mundo contemporáneo</subfield>
      <subfield code="a">Colección metrópolis</subfield>
      <subfield code="a">Colección Ingeniería del medio ambiente</subfield>
      <subfield code="a">Serie antropológica</subfield>
      <subfield code="a">Biblioteca E.J. Hobsbawm de Historia Contemporánea</subfield>
      <subfield code="a">Biblioteca E.J. Hobsbawm de Historia Contemporánea</subfield>
      <subfield code="a">Nueva historia argentina</subfield>
      <subfield code="v">t. 9</subfield>
    </datafield>
    <datafield tag="490" ind1=" " ind2=" ">
      <subfield code="a">Colección mundo contemporáneo</subfield>
      <subfield code="a">Colección metrópolis</subfield>
      <subfield code="a">Colección Ingeniería del medio ambiente</subfield>
      <subfield code="a">Serie antropológica</subfield>
      <subfield code="a">Biblioteca E.J. Hobsbawm de Historia Contemporánea</subfield>
      <subfield code="a">Biblioteca E.J. Hobsbawm de Historia Contemporánea</subfield>
      <subfield code="a">Nueva historia argentina</subfield>
      <subfield code="v">t. 9</subfield>
    </datafield>
    <datafield tag="942" ind1=" " ind2=" ">
      <subfield code="c">BK</subfield>
    </datafield>
    <datafield tag="952" ind1=" " ind2=" ">
      <subfield code="a">BIB_UART</subfield>
      <subfield code="b">BIB_UART</subfield>
      <subfield code="d">2007-03-02</subfield>
      <subfield code="y">BK</subfield>
      <subfield code="p">03-31260</subfield>
    </datafield>
  </record>