
  <record>
    <leader>01000aam  22002601a 4500</leader>
    <controlfield tag="001">YPZ18841</controlfield>
    <controlfield tag="003">YPZ</controlfield>
    <controlfield tag="005">200703061927160</controlfield>
    <controlfield tag="008">070306|###########||||||b||||||||||spa|d</controlfield>
    <datafield tag="020" ind1=" " ind2=" ">
      <subfield code="a">9871098871</subfield>
    </datafield>
    <datafield tag="020" ind1=" " ind2=" ">
      <subfield code="a">987109888X (Actividades)</subfield>
    </datafield>
    <datafield tag="020" ind1=" " ind2=" ">
      <subfield code="a">9871098898 (Manipulables)</subfield>
    </datafield>
    <datafield tag="020" ind1=" " ind2=" ">
      <subfield code="a">9871098901 (Papelito va al zoológico)</subfield>
    </datafield>
    <datafield tag="040" ind1=" " ind2=" ">
      <subfield code="c">SIUNPA</subfield>
    </datafield>
    <datafield tag="041" ind1=" " ind2=" ">
      <subfield code="a">spa</subfield>
    </datafield>
    <datafield tag="044" ind1=" " ind2=" ">
      <subfield code="a">AR</subfield>
    </datafield>
    <datafield tag="082" ind1=" " ind2=" ">
      <subfield code="a">371.671 G661n 1</subfield>
    </datafield>
    <datafield tag="100" ind1=" " ind2=" ">
      <subfield code="a">Gordín, Fabiana.</subfield>
    </datafield>
    <datafield tag="700" ind1=" " ind2=" ">
      <subfield code="a">Alderoqui, Silvia S..</subfield>
    </datafield>
    <datafield tag="245" ind1=" " ind2=" ">
      <subfield code="a">Nuevo papelito 1</subfield>
    </datafield>
    <datafield tag="250" ind1=" " ind2=" ">
      <subfield code="a">1a ed., 1a reimpr.</subfield>
    </datafield>
    <datafield tag="260" ind1=" " ind2=" ">
      <subfield code="a">Buenos Aires</subfield>
      <subfield code="b"> : Ediciones SM</subfield>
      <subfield code="c"> , 2005</subfield>
    </datafield>
    <datafield tag="300" ind1=" " ind2=" ">
      <subfield code="a">345 p. : </subfield>
      <subfield code="a">158 p. : </subfield>
      <subfield code="b">il. ; </subfield>
      <subfield code="a">222 p. : </subfield>
      <subfield code="a">il. : </subfield>
      <subfield code="a">663 p. : </subfield>
      <subfield code="b">il. ; </subfield>
      <subfield code="a">327 p. : </subfield>
      <subfield code="a">171 p. : </subfield>
      <subfield code="a">146 p. : </subfield>
      <subfield code="b">il. ; </subfield>
      <subfield code="a">390 p. : </subfield>
      <subfield code="a">150 p. : </subfield>
      <subfield code="b">il. ; </subfield>
      <subfield code="a">xx, 684 p. : </subfield>
      <subfield code="a">369 p. : </subfield>
      <subfield code="b">il. ; </subfield>
      <subfield code="a">59 p. : </subfield>
      <subfield code="a">58 p. : </subfield>
      <subfield code="a">299 p. : </subfield>
      <subfield code="a">167 p. : </subfield>
      <subfield code="a">464 p. ; 24 cm. : </subfield>
      <subfield code="a">350 p. ; 21 cm. : </subfield>
      <subfield code="a">387 p. : </subfield>
      <subfield code="b">il. ; </subfield>
      <subfield code="a">983 p. ; 26 cm. : </subfield>
      <subfield code="a">159 p. : </subfield>
      <subfield code="a">1068 p. : </subfield>
      <subfield code="a">158 p. : </subfield>
      <subfield code="a">15 p. : </subfield>
      <subfield code="a">311 p. ; 22 cm. : </subfield>
      <subfield code="a">315 p. : </subfield>
      <subfield code="b">il. ; </subfield>
      <subfield code="a">415 p. ; 27 cm. : </subfield>
      <subfield code="a">848 p. ; 25 cm. : </subfield>
      <subfield code="a">319 p. ; 23 cm. : </subfield>
      <subfield code="a">419 p. ; 24 cm. : </subfield>
      <subfield code="a">275 p. ; 22 cm. : </subfield>
      <subfield code="a">385 p. ; 23 cm. : </subfield>
      <subfield code="a">198 p. : </subfield>
      <subfield code="a">106 p. ; 26 cm. : </subfield>
      <subfield code="a">190 p. : </subfield>
      <subfield code="a">349 p. ; 19 cm. : </subfield>
      <subfield code="a">232 p. : </subfield>
      <subfield code="a">12 v. : </subfield>
      <subfield code="b">il, algunas pleg. ; </subfield>
      <subfield code="a">v. : </subfield>
      <subfield code="b">il. ; </subfield>
      <subfield code="c">54x37 cm. + </subfield>
      <subfield code="a">262 p. : </subfield>
      <subfield code="b">il. ; </subfield>
      <subfield code="a">375 p. : </subfield>
      <subfield code="a">348 p. : </subfield>
      <subfield code="a">117 p. : </subfield>
      <subfield code="a">550 p. : </subfield>
      <subfield code="b">il. ; </subfield>
      <subfield code="a">210 p. : </subfield>
      <subfield code="b">il. ; </subfield>
      <subfield code="a">381, 381 p. : </subfield>
      <subfield code="b">il. ; </subfield>
      <subfield code="a">671 p. : </subfield>
      <subfield code="b">il. ; </subfield>
      <subfield code="a">370 p. : </subfield>
      <subfield code="b">il. ; </subfield>
      <subfield code="a">122 p., C h. : </subfield>
      <subfield code="b">il. ; </subfield>
      <subfield code="c">36x27 cm. + </subfield>
      <subfield code="a">457 p. : </subfield>
      <subfield code="a">260 p. : </subfield>
      <subfield code="b">il. ; </subfield>
      <subfield code="a">244 p. : </subfield>
      <subfield code="b">il. ; </subfield>
      <subfield code="a">206 p. : </subfield>
      <subfield code="b">il. ; </subfield>
      <subfield code="a">3 v. : </subfield>
      <subfield code="b">il., algunas pleg. ; </subfield>
      <subfield code="a">391 p. : </subfield>
      <subfield code="b">il. ; </subfield>
      <subfield code="a">357 p. : </subfield>
      <subfield code="b">il. ; </subfield>
      <subfield code="a">196 p. : </subfield>
      <subfield code="a">743 p. : </subfield>
      <subfield code="b">il. ; </subfield>
      <subfield code="a">xvi, 412, xxxii p. : </subfield>
      <subfield code="b">il, algunas plegs. ; </subfield>
      <subfield code="a">xii, 348 p. : </subfield>
      <subfield code="b">il. ; </subfield>
      <subfield code="a">434 p. : </subfield>
      <subfield code="a">2 v. : </subfield>
      <subfield code="a">7 v. : </subfield>
      <subfield code="a">[119] h. : </subfield>
      <subfield code="b">il. ; </subfield>
      <subfield code="a">32 p. : </subfield>
      <subfield code="b">il. ; </subfield>
      <subfield code="a">172 p. : </subfield>
      <subfield code="b">il. ; </subfield>
      <subfield code="a">102 p. : </subfield>
      <subfield code="b">il. ; </subfield>
      <subfield code="a">124 p. : </subfield>
      <subfield code="a">192 p. : </subfield>
      <subfield code="b">il. ; </subfield>
      <subfield code="a">74 p. : </subfield>
      <subfield code="b">il. ; </subfield>
      <subfield code="a">84 p. : </subfield>
      <subfield code="b">cuadros ; </subfield>
      <subfield code="a">168 p. : </subfield>
      <subfield code="a">190 p. : </subfield>
      <subfield code="b">il. ; </subfield>
      <subfield code="a">174 p. : </subfield>
      <subfield code="a">55 p. : </subfield>
      <subfield code="b">il. ; </subfield>
      <subfield code="a">87 p. : </subfield>
      <subfield code="a">2 v. : </subfield>
      <subfield code="b">il. ; </subfield>
      <subfield code="a">75 p. : </subfield>
      <subfield code="a">165 p. : </subfield>
      <subfield code="b">il. ; </subfield>
      <subfield code="a">289 p. : </subfield>
      <subfield code="b">il. ; </subfield>
      <subfield code="a">265 p. : </subfield>
      <subfield code="a">58 p. : </subfield>
      <subfield code="a">257 p. : </subfield>
      <subfield code="a">60 p. : </subfield>
      <subfield code="a">168 p. : </subfield>
      <subfield code="b">il. ; </subfield>
      <subfield code="a">141 p. : </subfield>
      <subfield code="a">199 p. : </subfield>
      <subfield code="a">97 p. : </subfield>
      <subfield code="a">259 p. : </subfield>
      <subfield code="b">il. ; </subfield>
      <subfield code="a">193 p. : </subfield>
      <subfield code="a">106 h. : </subfield>
      <subfield code="b">il. ; </subfield>
      <subfield code="a">276 p. : </subfield>
      <subfield code="b">il. ; </subfield>
      <subfield code="a">269 p. : </subfield>
      <subfield code="b">il. ; </subfield>
      <subfield code="a">87 p. : </subfield>
      <subfield code="b">il. ; </subfield>
      <subfield code="a">127 p. : </subfield>
      <subfield code="b">il. ; </subfield>
      <subfield code="a">47 p. : </subfield>
      <subfield code="b">il. ; </subfield>
      <subfield code="a">4 v. : </subfield>
      <subfield code="b">il. ; </subfield>
      <subfield code="a">191 p. : </subfield>
      <subfield code="b">il. ; </subfield>
      <subfield code="a">235 p. : </subfield>
      <subfield code="b">il. ; </subfield>
      <subfield code="a">140 p. : </subfield>
      <subfield code="b">il. ; </subfield>
      <subfield code="a">172 p. : </subfield>
      <subfield code="b">il. ; </subfield>
      <subfield code="a">236 p. : </subfield>
      <subfield code="a">159 p. : </subfield>
      <subfield code="b">il. ; </subfield>
      <subfield code="a">148 h. : </subfield>
      <subfield code="b">il. ; </subfield>
      <subfield code="a">[89] p. : </subfield>
      <subfield code="b">il. ; </subfield>
      <subfield code="a">165 p. : </subfield>
      <subfield code="b">il. ; </subfield>
      <subfield code="a">ix, 456 p. : </subfield>
      <subfield code="b">il. ; </subfield>
      <subfield code="a">45 p. : </subfield>
      <subfield code="b">il. ; </subfield>
      <subfield code="a">222 p. : </subfield>
      <subfield code="a">356 p. : </subfield>
      <subfield code="a">2 t. : </subfield>
      <subfield code="a">351 p. : </subfield>
      <subfield code="a">xv, 262 p. : </subfield>
      <subfield code="b">il. ; </subfield>
      <subfield code="a">55 h. : </subfield>
      <subfield code="b">il. ; </subfield>
      <subfield code="a">xix, 691 p. : </subfield>
      <subfield code="b">il. ; </subfield>
      <subfield code="a">284 p. : </subfield>
      <subfield code="b">il. ; </subfield>
      <subfield code="a">33 p. : </subfield>
      <subfield code="a">157 p. : </subfield>
      <subfield code="a">t. : </subfield>
      <subfield code="a">420 p. : </subfield>
      <subfield code="a">29 p. : </subfield>
      <subfield code="b">il. ; </subfield>
      <subfield code="a">xx, 226 p. : </subfield>
      <subfield code="a">33 p. : </subfield>
      <subfield code="a">xxx, 46 p. : </subfield>
      <subfield code="b">il. ; </subfield>
      <subfield code="a">[70] p. : </subfield>
      <subfield code="a">47 p. : </subfield>
      <subfield code="b">il. ; </subfield>
      <subfield code="a">76 p. : </subfield>
      <subfield code="a">184 p. : </subfield>
      <subfield code="a">40 p. : </subfield>
      <subfield code="a">[ca100] p. : </subfield>
      <subfield code="b">il. ; </subfield>
      <subfield code="a">[135] p. en varias paginaciones : </subfield>
      <subfield code="a">[ca150] h. en varias paginaciones : </subfield>
      <subfield code="a">319 p. : </subfield>
      <subfield code="a">527 p. : </subfield>
      <subfield code="b">il. ; </subfield>
      <subfield code="a">389 p. : </subfield>
      <subfield code="a">328 p. : </subfield>
      <subfield code="a">212 p. : </subfield>
      <subfield code="b">il. ; </subfield>
      <subfield code="a">649 p. : </subfield>
      <subfield code="b">il. ; </subfield>
      <subfield code="a">xvii, 548 p. : </subfield>
      <subfield code="b">il. ; </subfield>
      <subfield code="a">158 p. : </subfield>
      <subfield code="a">189 p. : </subfield>
      <subfield code="a">541 p. : </subfield>
      <subfield code="b">il. ; </subfield>
      <subfield code="a">464 p. : </subfield>
      <subfield code="a">248 p. : </subfield>
      <subfield code="a">626 p. : </subfield>
      <subfield code="a">377 p. : </subfield>
      <subfield code="b">il. ; </subfield>
      <subfield code="a">108 p. : </subfield>
      <subfield code="b">il. ; </subfield>
      <subfield code="a">304 p. : </subfield>
      <subfield code="a">301 p. : </subfield>
      <subfield code="a">174 p. : </subfield>
      <subfield code="b">il. ; </subfield>
      <subfield code="a">80 p. : </subfield>
      <subfield code="b">il. ; </subfield>
      <subfield code="a">236 p. : </subfield>
      <subfield code="b">il. ; </subfield>
      <subfield code="a">255 p. : </subfield>
      <subfield code="a">160 p. : </subfield>
      <subfield code="a">112 p. : </subfield>
      <subfield code="b">il. ; </subfield>
      <subfield code="a">123 p. : </subfield>
      <subfield code="b">il. ; </subfield>
      <subfield code="a">224 p. : </subfield>
      <subfield code="b">il. ; </subfield>
      <subfield code="a">218 p. : </subfield>
      <subfield code="a">348 p. : </subfield>
      <subfield code="a">315 p. : </subfield>
      <subfield code="a">159 p. : </subfield>
      <subfield code="a">460 p. : </subfield>
      <subfield code="a">403 p. : </subfield>
      <subfield code="a">279 p. : </subfield>
      <subfield code="a">149 p. : </subfield>
      <subfield code="a">271 p. : </subfield>
      <subfield code="a">213 p. : </subfield>
      <subfield code="a">224 p. : </subfield>
      <subfield code="a">122 p. : </subfield>
      <subfield code="a">124 p. : </subfield>
      <subfield code="b">il. ; </subfield>
      <subfield code="a">150 p. : </subfield>
      <subfield code="b">il. ; </subfield>
      <subfield code="a">430 p. : </subfield>
      <subfield code="a">573 p. : </subfield>
      <subfield code="a">238 p. : </subfield>
      <subfield code="b">il. ; </subfield>
      <subfield code="a">xvii, 61, 629 p. : </subfield>
      <subfield code="b">il. ; </subfield>
      <subfield code="a">248 p. : </subfield>
      <subfield code="b">il. ; </subfield>
      <subfield code="a">218 p. : </subfield>
      <subfield code="a">147 p. : </subfield>
      <subfield code="a">461 p. : </subfield>
      <subfield code="a">528 p. : </subfield>
      <subfield code="a">321 p. : </subfield>
      <subfield code="b">il. ; </subfield>
      <subfield code="a">202 p. : </subfield>
      <subfield code="a">404 p. : </subfield>
      <subfield code="a">358 p. : </subfield>
      <subfield code="a">439 p. : </subfield>
      <subfield code="b">il. ; </subfield>
      <subfield code="a">270 p. : </subfield>
      <subfield code="b">il. ; </subfield>
      <subfield code="a">557 p. : </subfield>
      <subfield code="b">il. ; </subfield>
      <subfield code="a">332 p. : </subfield>
      <subfield code="a">xxv, [739] p. en varias paginaciones : </subfield>
      <subfield code="b">il. ; </subfield>
      <subfield code="a">340 p. : </subfield>
      <subfield code="a">166 p. : </subfield>
      <subfield code="b">il. ; </subfield>
      <subfield code="a">164 p. : </subfield>
      <subfield code="b">il. ; </subfield>
      <subfield code="a">xiv, 407 p. : </subfield>
      <subfield code="b">il. ; </subfield>
      <subfield code="a">211 p. : </subfield>
      <subfield code="b">il. ; </subfield>
      <subfield code="a">xxxvi, 601 p. : </subfield>
      <subfield code="b">il. ; </subfield>
      <subfield code="a">411 p. : </subfield>
      <subfield code="b">il. ; </subfield>
      <subfield code="a">411 p. : </subfield>
      <subfield code="b">il. ; </subfield>
      <subfield code="a">2 v. : </subfield>
      <subfield code="b">il. ; </subfield>
      <subfield code="a">321 p. : </subfield>
      <subfield code="a">2 v. : </subfield>
      <subfield code="b">il. ; </subfield>
      <subfield code="a">223 p. : </subfield>
      <subfield code="b">il. ; </subfield>
      <subfield code="a">230 p. : </subfield>
      <subfield code="b">il. ; </subfield>
      <subfield code="a">238 p. : </subfield>
      <subfield code="b">il. ; </subfield>
      <subfield code="a">256 p. : </subfield>
      <subfield code="b">il. ; </subfield>
      <subfield code="a">2 v. : </subfield>
      <subfield code="b">il. ; </subfield>
      <subfield code="a">2 v. : </subfield>
      <subfield code="b">il. ; </subfield>
      <subfield code="a">286 p. : </subfield>
      <subfield code="a">176 p. : </subfield>
      <subfield code="b">il. ; </subfield>
      <subfield code="a">192 p. : </subfield>
      <subfield code="b">il. ; </subfield>
      <subfield code="a">432 p. : </subfield>
      <subfield code="b">il. ; </subfield>
      <subfield code="a">464 p. : </subfield>
      <subfield code="b">il. ; </subfield>
      <subfield code="a">304 p. : </subfield>
      <subfield code="b">il. ; </subfield>
      <subfield code="a">368 p. : </subfield>
      <subfield code="b">il. ; </subfield>
      <subfield code="a">320 p. : </subfield>
      <subfield code="b">il. ; </subfield>
      <subfield code="a">277 p. : </subfield>
      <subfield code="b">il ; </subfield>
      <subfield code="e">3 fasc.</subfield>
    </datafield>
    <datafield tag="942" ind1=" " ind2=" ">
      <subfield code="c">BK</subfield>
    </datafield>
    <datafield tag="952" ind1=" " ind2=" ">
      <subfield code="a">BIB_UASJ</subfield>
      <subfield code="b">BIB_UASJ</subfield>
      <subfield code="d">2007-03-06</subfield>
      <subfield code="y">BK</subfield>
      <subfield code="p">04-31332</subfield>
    </datafield>
    <datafield tag="952" ind1=" " ind2=" ">
      <subfield code="a">BIB_UASJ</subfield>
      <subfield code="b">BIB_UASJ</subfield>
      <subfield code="d">2007-03-06</subfield>
      <subfield code="y">BK</subfield>
      <subfield code="p">04-31333</subfield>
    </datafield>
    <datafield tag="952" ind1=" " ind2=" ">
      <subfield code="a">BIB_UASJ</subfield>
      <subfield code="b">BIB_UASJ</subfield>
      <subfield code="d">2007-03-06</subfield>
      <subfield code="y">BK</subfield>
      <subfield code="p">04-31334</subfield>
    </datafield>
    <datafield tag="952" ind1=" " ind2=" ">
      <subfield code="a">BIB_UASJ</subfield>
      <subfield code="b">BIB_UASJ</subfield>
      <subfield code="d">2007-03-06</subfield>
      <subfield code="y">BK</subfield>
      <subfield code="p">04-31356</subfield>
    </datafield>
  </record>